<record><header><identifier>oai:alma.41SLSP_UGE:991000791889705502</identifier><datestamp>2023-03-27T00:16:33Z</datestamp><setSpec>uge_bcen_RapidILL_BOOK</setSpec><setSpec>uge_aaca_RapidILL_BOOK</setSpec><setSpec>uge_abels_RapidILL_BOOK</setSpec><setSpec>uge_dbu_RapidILL_BOOK</setSpec><setSpec>uge_cmu_RapidILL_BOOK</setSpec><setSpec>uge_mail_RapidILL_BOOK</setSpec><setSpec>uge_abbat_RapidILL_BOOK</setSpec><setSpec>UNIGE_ALL</setSpec><setSpec>uge_acar_RapidILL_BOOK</setSpec><setSpec>uge_aobs_RapidILL_BOOK</setSpec></header><metadata>
<record xmlns="http://www.loc.gov/MARC21/slim" xmlns:xsi="http://www.w3.org/2001/XMLSchema-instance" xsi:schemaLocation="http://www.loc.gov/MARC21/slim http://www.loc.gov/standards/marcxml/schema/MARC21slim.xsd"><leader>01377nam a2200325 c 4500</leader><controlfield tag="001">991000791889705502</controlfield><controlfield tag="005">20230326202834.0</controlfield><controlfield tag="008">121219s2012    gw ||||| |||| 10| ||ger d</controlfield><datafield ind1=" " ind2=" " tag="020"><subfield code="a">9783447068000</subfield></datafield><datafield ind1=" " ind2=" " tag="035"><subfield code="a">(swissbib)116808977-41slsp_network</subfield></datafield><datafield ind1=" " ind2=" " tag="035"><subfield code="a">116808977</subfield><subfield code="9">ExL</subfield></datafield><datafield ind1=" " ind2=" " tag="035"><subfield code="a">(RERO)R007208089-41slsp</subfield></datafield><datafield ind1=" " ind2=" " tag="035"><subfield code="a">(EXLNZ-41SLSP_NETWORK)991116489669705501</subfield></datafield><datafield ind1=" " ind2=" " tag="040"><subfield code="a">GyFmDB</subfield><subfield code="d">CH-ZuSLS</subfield></datafield><datafield ind1="0" ind2=" " tag="041"><subfield code="a">ger</subfield><subfield code="a">eng</subfield></datafield><datafield ind1=" " ind2="7" tag="072"><subfield code="a">th</subfield><subfield code="2">rero</subfield></datafield><datafield ind1="0" ind2="0" tag="245"><subfield code="a">&quot;Aus Gottes Wort und eigener Erfahrung gezeiget&quot;</subfield><subfield code="b">Erfahrung - Glauben, Erkennen und Handeln im Pietismus : Beiträge zum III. Internationalen Kongress für Pietismusforschung 2009</subfield><subfield code="c">hrsg. von Christian Soboth ... [et al.] ; in Verbindung mit Hartmut Lehmann ... [et al.]</subfield></datafield><datafield ind1=" " ind2="1" tag="264"><subfield code="a">Wiesbaden</subfield><subfield code="b">Harrassowitz, O</subfield><subfield code="c">2012</subfield></datafield><datafield ind1=" " ind2=" " tag="300"><subfield code="a">984 S. in 2 Teilen</subfield></datafield><datafield ind1=" " ind2=" " tag="336"><subfield code="b">txt</subfield><subfield code="2">rdacontent</subfield></datafield><datafield ind1=" " ind2=" " tag="337"><subfield code="b">n</subfield><subfield code="2">rdamedia</subfield></datafield><datafield ind1=" " ind2=" " tag="338"><subfield code="b">nc</subfield><subfield code="2">rdacarrier</subfield></datafield><datafield ind1="1" ind2=" " tag="490"><subfield code="a">Hallesche Forschungen</subfield><subfield code="v">33</subfield></datafield><datafield ind1=" " ind2=" " tag="500"><subfield code="a">Beiträge auf deutsch (hauptsächlich) und englisch</subfield></datafield><datafield ind1=" " ind2="7" tag="650"><subfield code="a">Piétisme</subfield><subfield code="0">(IDREF)027267288</subfield><subfield code="2">idref</subfield></datafield><datafield ind1=" " ind2="7" tag="655"><subfield code="a">Actes de congrès</subfield><subfield code="0">(IDREF)02886431X</subfield><subfield code="2">idref</subfield></datafield><datafield ind1="1" ind2=" " tag="700"><subfield code="a">Soboth, Christian</subfield><subfield code="d">1957-....</subfield><subfield code="0">(IDREF)121751554</subfield></datafield><datafield ind1="2" ind2=" " tag="711"><subfield code="a">Internationaler Kongress für Pietismusforschung</subfield><subfield code="n">3</subfield><subfield code="d">2009</subfield><subfield code="c">Halle</subfield><subfield code="0">(RERO)A023128219</subfield></datafield><datafield ind1=" " ind2="0" tag="830"><subfield code="a">Hallesche Forschungen</subfield><subfield code="v">33</subfield><subfield code="w">(RERO)2284243-41slsp</subfield></datafield><datafield ind1=" " ind2=" " tag="900"><subfield code="a">REROnoselfmerge</subfield></datafield><datafield ind1=" " ind2=" " tag="910"><subfield code="a">GyFmDB</subfield><subfield code="b">20121219</subfield><subfield code="c">Droits réservés</subfield></datafield></record>
</metadata></record>