<record><header><identifier>oai:alma.41SLSP_UGE:991000791679705502</identifier><datestamp>2024-09-11T00:09:39Z</datestamp><setSpec>uge_bcen_RapidILL_BOOK</setSpec><setSpec>uge_aaca_RapidILL_BOOK</setSpec><setSpec>uge_abels_RapidILL_BOOK</setSpec><setSpec>uge_dbu_RapidILL_BOOK</setSpec><setSpec>uge_cmu_RapidILL_BOOK</setSpec><setSpec>uge_mail_RapidILL_BOOK</setSpec><setSpec>uge_abbat_RapidILL_BOOK</setSpec><setSpec>UNIGE_ALL</setSpec><setSpec>uge_aobs_RapidILL_BOOK</setSpec><setSpec>uge_acar_RapidILL_BOOK</setSpec></header><metadata>
<record xmlns="http://www.loc.gov/MARC21/slim" xmlns:xsi="http://www.w3.org/2001/XMLSchema-instance" xsi:schemaLocation="http://www.loc.gov/MARC21/slim http://www.loc.gov/standards/marcxml/schema/MARC21slim.xsd"><leader>04148nam a2200745 c 4500</leader><controlfield tag="001">991000791679705502</controlfield><controlfield tag="005">20230303214016.0</controlfield><controlfield tag="008">201011s2014    gw ||||| |||| 10| ||fre d</controlfield><datafield ind1=" " ind2=" " tag="015"><subfield code="a">14,A24</subfield><subfield code="2">dnb</subfield></datafield><datafield ind1=" " ind2=" " tag="020"><subfield code="a">3643904533</subfield><subfield code="q">pbk.</subfield></datafield><datafield ind1=" " ind2=" " tag="020"><subfield code="a">9783643904539</subfield><subfield code="c">EUR 24.90</subfield></datafield><datafield ind1=" " ind2=" " tag="035"><subfield code="a">(swissbib)216622301-41slsp_network</subfield></datafield><datafield ind1=" " ind2=" " tag="035"><subfield code="a">216622301</subfield><subfield code="9">ExL</subfield></datafield><datafield ind1=" " ind2=" " tag="035"><subfield code="a">(RERO)R008177952-41slsp</subfield></datafield><datafield ind1=" " ind2=" " tag="035"><subfield code="a">(NEBIS)010179095EBI01</subfield></datafield><datafield ind1=" " ind2=" " tag="035"><subfield code="a">(IDSLU)001156921ILU01</subfield></datafield><datafield ind1=" " ind2=" " tag="035"><subfield code="a">(OCoLC)881385365</subfield></datafield><datafield ind1=" " ind2=" " tag="035"><subfield code="a">(EXLNZ-41SLSP_NETWORK)991015752889705501</subfield></datafield><datafield ind1=" " ind2=" " tag="040"><subfield code="a">OHX</subfield><subfield code="d">CH-ZuSLS</subfield></datafield><datafield ind1="1" ind2="4" tag="050"><subfield code="a">B2430.C354</subfield><subfield code="b">H86 2014</subfield></datafield><datafield ind1=" " ind2="7" tag="072"><subfield code="a">ph</subfield><subfield code="2">rero</subfield></datafield><datafield ind1=" " ind2="7" tag="072"><subfield code="a">th</subfield><subfield code="2">rero</subfield></datafield><datafield ind1=" " ind2="7" tag="072"><subfield code="a">100</subfield><subfield code="2">IDS LU</subfield></datafield><datafield ind1="0" ind2="4" tag="082"><subfield code="a">211.6</subfield><subfield code="2">22/ger</subfield></datafield><datafield ind1=" " ind2=" " tag="084"><subfield code="a">200</subfield><subfield code="a">100</subfield><subfield code="a">840</subfield><subfield code="2">sdnb</subfield></datafield><datafield ind1=" " ind2=" " tag="084"><subfield code="a">CI 6197</subfield><subfield code="2">rvk</subfield></datafield><datafield ind1="0" ind2="0" tag="245"><subfield code="a">Humanismes et religions</subfield><subfield code="b">Albert Camus et Paul Ricoeur</subfield><subfield code="c">Jean-Marc Aveline (dir.) ; avec des contributions de François-Xavier Amherdt ... [et al.]</subfield></datafield><datafield ind1=" " ind2="1" tag="264"><subfield code="a">Berlin</subfield><subfield code="b">Lit</subfield><subfield code="c">[2014]</subfield></datafield><datafield ind1=" " ind2=" " tag="300"><subfield code="a">160 pages</subfield><subfield code="c">21 cm</subfield></datafield><datafield ind1=" " ind2=" " tag="336"><subfield code="b">txt</subfield><subfield code="2">rdacontent</subfield></datafield><datafield ind1=" " ind2=" " tag="337"><subfield code="b">n</subfield><subfield code="2">rdamedia</subfield></datafield><datafield ind1=" " ind2=" " tag="338"><subfield code="b">nc</subfield><subfield code="2">rdacarrier</subfield></datafield><datafield ind1="1" ind2=" " tag="490"><subfield code="a">Colloquium salutis. Études en sciences et théologie des religions</subfield><subfield code="v">vol. 2</subfield></datafield><datafield ind1=" " ind2=" " tag="500"><subfield code="a">Papers from two conferences, &quot;Albert Camus et l'humanisme contemporain&quot; and &quot;Paul Ricouer et Albert Camus: l'homme en question&quot;, held in Marseilles within the framework of a Parvis des Gentils in June, 2013</subfield></datafield><datafield ind1=" " ind2=" " tag="504"><subfield code="a">Includes bibliographical references</subfield></datafield><datafield ind1="0" ind2=" " tag="505"><subfield code="a">Présentation / Jean-Marc Aveline -- Albert Camus et l'humanisme contemporain -- Camus dans le &quot;Parvis du Cœur&quot; / Card. Gianfranco Ravasi -- La crise de l'humanisme contemporain / Jean-François Mattéi -- Nouvelles formes de la révolte / Julia Kristeva -- Paul Ricœur et Albert Camus: l'homme en question -- Introduction / Xavier Manzano -- Le parti pris de l'homme: Albert Camus-Paul Ricœur / Marie-Jeanne Coutagne -- L'homme en débat / Card. Gianfranco Ravasi -- Révolte et consentement: deux visages contrasté de la &quot;liberté simplement humaine&quot; / Jean Greisch -- Paul Ricœur: l'humanisme du texte -- Herméneutique philosophique et herméneutique biblique chez Paul Ricœur: un dialoge fécond / François-Xavier Amherdt -- Paul Ricœur, Dieu et la théologie / Philippe Capelle-Dumont -- Réapparaition de Dieu chez Albert Camus / Xavier Manzano -- Conclusions / Marie-Jeanne Coutagne</subfield></datafield><datafield ind1="1" ind2="0" tag="600"><subfield code="a">Camus, Albert</subfield><subfield code="d">1913-1960</subfield><subfield code="v">Congresses</subfield></datafield><datafield ind1="1" ind2="0" tag="600"><subfield code="a">Ricœur, Paul</subfield><subfield code="v">Congresses</subfield></datafield><datafield ind1="1" ind2="7" tag="600"><subfield code="a">Camus, Albert</subfield><subfield code="d">1913-1960</subfield><subfield code="0">(IDREF)026764644</subfield><subfield code="2">idref</subfield></datafield><datafield ind1="1" ind2="7" tag="600"><subfield code="a">Ricœur, Paul</subfield><subfield code="d">1913-2005</subfield><subfield code="0">(IDREF)027099717</subfield><subfield code="2">idref</subfield></datafield><datafield ind1="1" ind2="7" tag="600"><subfield code="a">Camus, Albert</subfield><subfield code="d">1913-1960</subfield><subfield code="0">(DE-588)118518739</subfield><subfield code="2">gnd</subfield></datafield><datafield ind1="1" ind2="7" tag="600"><subfield code="a">Ricœur, Paul</subfield><subfield code="d">1913-2005</subfield><subfield code="0">(DE-588)118600613</subfield><subfield code="2">gnd</subfield></datafield><datafield ind1=" " ind2="0" tag="650"><subfield code="a">Hermeneutics</subfield><subfield code="v">Congresses</subfield></datafield><datafield ind1=" " ind2="0" tag="650"><subfield code="a">Humanism</subfield><subfield code="v">Congresses</subfield></datafield><datafield ind1=" " ind2="0" tag="650"><subfield code="a">Humanism, Religious</subfield><subfield code="v">Congresses</subfield></datafield><datafield ind1=" " ind2="0" tag="650"><subfield code="a">Philosophical anthropology</subfield><subfield code="v">Congresses</subfield></datafield><datafield ind1=" " ind2="0" tag="650"><subfield code="a">Theology</subfield><subfield code="v">Congresses</subfield></datafield><datafield ind1=" " ind2="7" tag="650"><subfield code="a">Humanisme</subfield><subfield code="0">(IDREF)027565211</subfield><subfield code="2">idref</subfield></datafield><datafield ind1=" " ind2="7" tag="650"><subfield code="a">Religions</subfield><subfield code="0">(IDREF)027268055</subfield><subfield code="2">idref</subfield></datafield><datafield ind1=" " ind2="7" tag="650"><subfield code="a">Humanismus</subfield><subfield code="0">(DE-588)4026140-2</subfield><subfield code="2">gnd</subfield></datafield><datafield ind1=" " ind2="7" tag="650"><subfield code="a">Religion</subfield><subfield code="0">(DE-588)4049396-9</subfield><subfield code="2">gnd</subfield></datafield><datafield ind1=" " ind2="7" tag="650"><subfield code="a">Theologie</subfield><subfield code="0">(DE-588)4059758-1</subfield><subfield code="2">gnd</subfield></datafield><datafield ind1=" " ind2="7" tag="655"><subfield code="a">Actes de congrès</subfield><subfield code="0">(IDREF)02886431X</subfield><subfield code="2">idref</subfield></datafield><datafield ind1=" " ind2="7" tag="655"><subfield code="a">Konferenzschrift</subfield><subfield code="2">gnd-content</subfield></datafield><datafield ind1=" " ind2="7" tag="655"><subfield code="a">Konferenzschrift</subfield><subfield code="z">Marseille</subfield><subfield code="y">2013</subfield><subfield code="2">gnd-content</subfield></datafield><datafield ind1="1" ind2=" " tag="700"><subfield code="a">Amherdt, François-Xavier</subfield><subfield code="d">1957-</subfield><subfield code="0">(DE-588)1027684874</subfield><subfield code="6">880-02</subfield></datafield><datafield ind1="1" ind2=" " tag="880"><subfield code="6">700-02</subfield><subfield code="a">Amherdt, François-Xavier</subfield><subfield code="d">1957-....</subfield><subfield code="0">(IDREF)050453750</subfield></datafield><datafield ind1="1" ind2=" " tag="700"><subfield code="a">Aveline, Jean-Marc</subfield><subfield code="d">1958-....</subfield><subfield code="0">(IDREF)07394985X</subfield></datafield><datafield ind1="4" ind2=" " tag="856"><subfield code="3">Titelblatt und Inhaltsverzeichnis</subfield><subfield code="u">https://toc.library.ethz.ch/objects/pdf03/z01_978-3-643-90453-9_01.pdf</subfield><subfield code="q">pdf</subfield></datafield><datafield ind1=" " ind2="0" tag="830"><subfield code="a">Colloquium salutis</subfield><subfield code="v">2</subfield><subfield code="w">(NEBIS)010166937EBI01</subfield></datafield><datafield ind1=" " ind2="0" tag="830"><subfield code="a">Colloquium salutis</subfield><subfield code="v">2</subfield><subfield code="w">(IDSLU)001143313ILU01</subfield></datafield><datafield ind1=" " ind2=" " tag="900"><subfield code="a">REROnoselfmerge</subfield></datafield><datafield ind1=" " ind2=" " tag="900"><subfield code="a">IDSZ2zbzmon201408f</subfield><subfield code="c">IDSZ2cadu</subfield><subfield code="d">IDSZ2zbzswk201408g</subfield><subfield code="e">IDSZ2schu</subfield></datafield><datafield ind1=" " ind2=" " tag="910"><subfield code="a">OCoLC</subfield><subfield code="b">20150619</subfield><subfield code="c">Droits réservés</subfield></datafield><datafield ind1=" " ind2=" " tag="911"><subfield code="a">700</subfield><subfield code="a">Amherdt, François-Xavier</subfield><subfield code="d">1957-</subfield></datafield><datafield ind1=" " ind2=" " tag="949"><subfield code="a">https://toc.library.ethz.ch/objects/pdf03/z01_978-3-643-90453-9_01.pdf</subfield></datafield></record>
</metadata></record>