<record><header><identifier>oai:alma.41SLSP_UGE:991000791349705502</identifier><datestamp>2023-03-01T01:09:59Z</datestamp><setSpec>uge_bcen_RapidILL_BOOK</setSpec><setSpec>uge_aaca_RapidILL_BOOK</setSpec><setSpec>uge_abels_RapidILL_BOOK</setSpec><setSpec>uge_dbu_RapidILL_BOOK</setSpec><setSpec>uge_cmu_RapidILL_BOOK</setSpec><setSpec>uge_mail_RapidILL_BOOK</setSpec><setSpec>UNIGE_ALL</setSpec><setSpec>uge_abbat_RapidILL_BOOK</setSpec><setSpec>uge_aobs_RapidILL_BOOK</setSpec><setSpec>uge_acar_RapidILL_BOOK</setSpec></header><metadata>
<record xmlns="http://www.loc.gov/MARC21/slim" xmlns:xsi="http://www.w3.org/2001/XMLSchema-instance" xsi:schemaLocation="http://www.loc.gov/MARC21/slim http://www.loc.gov/standards/marcxml/schema/MARC21slim.xsd"><leader>02966nam a2200613 c 4500</leader><controlfield tag="001">991000791349705502</controlfield><controlfield tag="005">20230117183709.0</controlfield><controlfield tag="008">201011s2012    xxk           00| | eng|d</controlfield><datafield ind1=" " ind2=" " tag="020"><subfield code="a">1857597664</subfield></datafield><datafield ind1=" " ind2=" " tag="020"><subfield code="a">9781857597660</subfield><subfield code="c">£ 35.-</subfield></datafield><datafield ind1=" " ind2=" " tag="035"><subfield code="a">(swissbib)222706988-41slsp_network</subfield></datafield><datafield ind1=" " ind2=" " tag="035"><subfield code="a">222706988</subfield><subfield code="9">ExL</subfield></datafield><datafield ind1=" " ind2=" " tag="035"><subfield code="a">(IDSBB)006445963DSV01</subfield></datafield><datafield ind1=" " ind2=" " tag="035"><subfield code="a">(NEBIS)007631589EBI01</subfield></datafield><datafield ind1=" " ind2=" " tag="035"><subfield code="a">(RERO)R008859883-41slsp</subfield></datafield><datafield ind1=" " ind2=" " tag="035"><subfield code="a">(OCoLC)828784115</subfield></datafield><datafield ind1=" " ind2=" " tag="035"><subfield code="a">(OCoLC)815521657</subfield></datafield><datafield ind1=" " ind2=" " tag="035"><subfield code="a">(EXLNZ-41SLSP_NETWORK)991139801119705501</subfield></datafield><datafield ind1=" " ind2=" " tag="040"><subfield code="a">DE-604</subfield><subfield code="b">ger</subfield><subfield code="e">rda</subfield><subfield code="d">CH-ZuSLS</subfield></datafield><datafield ind1=" " ind2="7" tag="072"><subfield code="a">kh</subfield><subfield code="2">SzZuIDS BS/BE</subfield></datafield><datafield ind1=" " ind2="7" tag="072"><subfield code="a">ba</subfield><subfield code="2">rero</subfield></datafield><datafield ind1="0" ind2="4" tag="082"><subfield code="a">759.5</subfield><subfield code="2">23</subfield></datafield><datafield ind1=" " ind2=" " tag="084"><subfield code="a">LI 92700</subfield><subfield code="2">rvk</subfield></datafield><datafield ind1="0" ind2="0" tag="245"><subfield code="a">Paolo Veronese: a master and his workshop in Renaissance Venice</subfield><subfield code="c">edited by Virginia Brilliant with Frederick Ilchman</subfield></datafield><datafield ind1=" " ind2="1" tag="264"><subfield code="a">London</subfield><subfield code="b">Scala</subfield><subfield code="c">[2012]</subfield></datafield><datafield ind1=" " ind2=" " tag="300"><subfield code="a">288 p.</subfield><subfield code="b">ill. en noir et en coul.</subfield><subfield code="c">29 cm</subfield></datafield><datafield ind1=" " ind2=" " tag="336"><subfield code="b">sti</subfield><subfield code="2">rdacontent</subfield></datafield><datafield ind1=" " ind2=" " tag="336"><subfield code="b">txt</subfield><subfield code="2">rdacontent</subfield></datafield><datafield ind1=" " ind2=" " tag="337"><subfield code="b">n</subfield><subfield code="2">rdamedia</subfield></datafield><datafield ind1=" " ind2=" " tag="338"><subfield code="b">nc</subfield><subfield code="2">rdacarrier</subfield></datafield><datafield ind1=" " ind2=" " tag="500"><subfield code="a">Katalog zur gleichnamigen Ausstellung, The John and Mable Ringling Museum of Art, Sarasota, 7.12.2012-14.4.2013</subfield></datafield><datafield ind1=" " ind2=" " tag="500"><subfield code="a">Publ. in conjunction with the exhibition Paolo Veronese: a master and his workshop in Reanissance Venice, on view at The John and Mable Ringling Museum of Art, Sarasota, Florida, December 7, 2012-April 14, 2013</subfield></datafield><datafield ind1=" " ind2=" " tag="504"><subfield code="a">Includes bibliographical references (p.273-282) and index</subfield></datafield><datafield ind1="1" ind2="7" tag="600"><subfield code="a">Veronese, Paolo</subfield><subfield code="d">1528-1588</subfield><subfield code="0">(DE-588)118626647</subfield><subfield code="2">gnd</subfield></datafield><datafield ind1="0" ind2="0" tag="600"><subfield code="a">Veronese</subfield><subfield code="d">1528-1588</subfield><subfield code="x">Criticism and interpretation</subfield><subfield code="v">Exhibitions</subfield></datafield><datafield ind1="0" ind2="0" tag="600"><subfield code="a">Veronese</subfield><subfield code="d">1528-1588</subfield><subfield code="v">Exhibitions</subfield></datafield><datafield ind1="0" ind2="0" tag="600"><subfield code="a">Veronese</subfield><subfield code="d">1528-1588</subfield><subfield code="x">Criticism and interpretation</subfield></datafield><datafield ind1="0" ind2="7" tag="600"><subfield code="a">Véronèse</subfield><subfield code="d">1528-1588</subfield><subfield code="0">(IDREF)027573370</subfield><subfield code="2">idref</subfield></datafield><datafield ind1=" " ind2="0" tag="650"><subfield code="a">Painting, Renaissance</subfield><subfield code="z">Italy</subfield><subfield code="z">Venice</subfield><subfield code="v">Exhibitions</subfield></datafield><datafield ind1=" " ind2="0" tag="650"><subfield code="a">Painting, Italian</subfield><subfield code="y">16th century</subfield><subfield code="v">Exhibitions</subfield></datafield><datafield ind1=" " ind2="7" tag="655"><subfield code="a">Ausstellungskatalog</subfield><subfield code="z">Sarasota, Fla.</subfield><subfield code="y">2012-2013</subfield><subfield code="2">gnd-content</subfield></datafield><datafield ind1=" " ind2="7" tag="655"><subfield code="a">Ausstellungskatalog</subfield><subfield code="2">gnd-content</subfield></datafield><datafield ind1=" " ind2="7" tag="655"><subfield code="a">Ausstellungskatalog</subfield><subfield code="z">Sarasota (FL)</subfield><subfield code="y">2012-2013</subfield><subfield code="2">gnd-content</subfield></datafield><datafield ind1=" " ind2="7" tag="655"><subfield code="a">Catalogues d'exposition</subfield><subfield code="0">(IDREF)027320456</subfield><subfield code="2">idref</subfield></datafield><datafield ind1="1" ind2=" " tag="700"><subfield code="a">Veronese, Paolo</subfield><subfield code="d">1528-1588</subfield><subfield code="0">(DE-588)118626647</subfield><subfield code="e">Illustrator</subfield><subfield code="4">ill</subfield></datafield><datafield ind1="1" ind2=" " tag="700"><subfield code="a">Ilchman, Frederick</subfield><subfield code="e">Herausgeber</subfield><subfield code="4">edt</subfield><subfield code="6">880-03</subfield></datafield><datafield ind1="1" ind2=" " tag="880"><subfield code="6">700-03</subfield><subfield code="a">Ilchman, Frederick</subfield><subfield code="d">19..-....</subfield><subfield code="0">(IDREF)13386846X</subfield></datafield><datafield ind1="1" ind2=" " tag="700"><subfield code="a">Brilliant, Virginia</subfield><subfield code="0">(DE-588)1137229748</subfield><subfield code="e">Herausgeber</subfield><subfield code="4">edt</subfield><subfield code="6">880-04</subfield></datafield><datafield ind1="1" ind2=" " tag="880"><subfield code="6">700-04</subfield><subfield code="a">Brilliant, Virginia</subfield><subfield code="d">19..-....</subfield><subfield code="0">(IDREF)12018768X</subfield></datafield><datafield ind1="2" ind2=" " tag="710"><subfield code="a">John and Mable Ringling Museum of Art</subfield><subfield code="0">(DE-588)1091953-3</subfield><subfield code="e">Gastgebende Institution</subfield><subfield code="4">his</subfield></datafield><datafield ind1="4" ind2=" " tag="856"><subfield code="3">Titelblatt und Inhaltsverzeichnis</subfield><subfield code="u">https://toc.library.ethz.ch/objects/pdf03/z01_978-1-85759-766-0_01.pdf</subfield><subfield code="q">pdf</subfield></datafield><datafield ind1=" " ind2=" " tag="900"><subfield code="a">IDSZ2zbzmon201306f</subfield><subfield code="c">IDSZ2beer</subfield><subfield code="d">IDSZ2zbzswk201307b</subfield><subfield code="e">IDSZ2schl</subfield></datafield><datafield ind1=" " ind2=" " tag="900"><subfield code="a">REROnoselfmerge</subfield></datafield><datafield ind1=" " ind2=" " tag="911"><subfield code="a">700</subfield><subfield code="a">Veronese, Paolo</subfield><subfield code="d">1528-1588</subfield></datafield><datafield ind1=" " ind2=" " tag="949"><subfield code="a">https://toc.library.ethz.ch/objects/pdf03/z01_978-1-85759-766-0_01.pdf</subfield></datafield><datafield ind1=" " ind2=" " tag="993"><subfield code="a">BFLB 35264</subfield><subfield code="x">ge/ulha/a/18/1129</subfield><subfield code="9">LOCAL</subfield></datafield></record>
</metadata></record>