<record><header><identifier>oai:alma.41SLSP_UGE:991000791139705502</identifier><datestamp>2024-04-14T00:13:55Z</datestamp><setSpec>uge_bcen_RapidILL_BOOK</setSpec><setSpec>uge_aaca_RapidILL_BOOK</setSpec><setSpec>uge_abels_RapidILL_BOOK</setSpec><setSpec>uge_dbu_RapidILL_BOOK</setSpec><setSpec>uge_cmu_RapidILL_BOOK</setSpec><setSpec>uge_mail_RapidILL_BOOK</setSpec><setSpec>uge_abbat_RapidILL_BOOK</setSpec><setSpec>UNIGE_ALL</setSpec><setSpec>uge_aobs_RapidILL_BOOK</setSpec><setSpec>uge_acar_RapidILL_BOOK</setSpec></header><metadata>
<record xmlns="http://www.loc.gov/MARC21/slim" xmlns:xsi="http://www.w3.org/2001/XMLSchema-instance" xsi:schemaLocation="http://www.loc.gov/MARC21/slim http://www.loc.gov/standards/marcxml/schema/MARC21slim.xsd"><leader>01908nam a2200385 c 4500</leader><controlfield tag="001">991000791139705502</controlfield><controlfield tag="005">20210130184223.0</controlfield><controlfield tag="008">201012s1944    sz ||||| |||| 00| ||fre d</controlfield><datafield ind1=" " ind2=" " tag="020"><subfield code="c">Fr.6.-.</subfield></datafield><datafield ind1="7" ind2=" " tag="024"><subfield code="a">http://catalogue.bnf.fr/ark:/12148/cb318068921</subfield><subfield code="2">uri</subfield></datafield><datafield ind1=" " ind2=" " tag="035"><subfield code="a">(swissbib)239667883-41slsp_network</subfield></datafield><datafield ind1=" " ind2=" " tag="035"><subfield code="a">239667883</subfield><subfield code="9">ExL</subfield></datafield><datafield ind1=" " ind2=" " tag="035"><subfield code="a">(RERO)0157987-41slsp</subfield></datafield><datafield ind1=" " ind2=" " tag="035"><subfield code="a">(IDSBB)000185061DSV01</subfield></datafield><datafield ind1=" " ind2=" " tag="035"><subfield code="a">(NEBIS)006014937EBI01</subfield></datafield><datafield ind1=" " ind2=" " tag="035"><subfield code="a">(IDSLU)000862050ILU01</subfield></datafield><datafield ind1=" " ind2=" " tag="035"><subfield code="a">(EXLNZ-41SLSP_NETWORK)991109627019705501</subfield></datafield><datafield ind1=" " ind2=" " tag="040"><subfield code="a">RERO</subfield><subfield code="d">CH-ZuSLS</subfield></datafield><datafield ind1=" " ind2=" " tag="044"><subfield code="a">sz</subfield><subfield code="c">ch-vd</subfield></datafield><datafield ind1=" " ind2="7" tag="072"><subfield code="a">fr</subfield><subfield code="2">rero</subfield></datafield><datafield ind1=" " ind2="7" tag="072"><subfield code="a">rs</subfield><subfield code="2">SzZuIDS BS/BE</subfield></datafield><datafield ind1="1" ind2=" " tag="080"><subfield code="a">840&quot;18&quot;CON.B8</subfield></datafield><datafield ind1="1" ind2=" " tag="100"><subfield code="a">Berthoud, Dorette</subfield><subfield code="d">1888-1975</subfield><subfield code="0">(IDREF)056751362</subfield><subfield code="4">cre</subfield></datafield><datafield ind1="1" ind2="0" tag="245"><subfield code="a">Constance et grandeur de Benjamin Constant</subfield><subfield code="c">Dorette Berthoud</subfield></datafield><datafield ind1=" " ind2="1" tag="264"><subfield code="a">Lausanne</subfield><subfield code="b">Payot</subfield><subfield code="c">1944</subfield></datafield><datafield ind1=" " ind2=" " tag="300"><subfield code="a">IV, 199 S.</subfield><subfield code="b">1 Portr.</subfield><subfield code="c">19 cm</subfield></datafield><datafield ind1=" " ind2=" " tag="336"><subfield code="b">txt</subfield><subfield code="2">rdacontent</subfield></datafield><datafield ind1=" " ind2=" " tag="337"><subfield code="b">n</subfield><subfield code="2">rdamedia</subfield></datafield><datafield ind1=" " ind2=" " tag="338"><subfield code="b">nc</subfield><subfield code="2">rdacarrier</subfield></datafield><datafield ind1="8" ind2=" " tag="520"><subfield code="a">Entrepris dans un esprit de réhabilitation, cet ouvrage cherche à dégager la constance, l'unité, l'élévation dans la pensée comme dans la conduite de Benjamin Constant. Suivant son idée maîtresse (la vieillesse de Constant, studieuse et engagée dans un combat incessant pour la liberté, rachète les folies de la jeunesse), l'auteur examine 9 points de la pensée et de la vie de Constant: 1) &quot;Sous le Directoire et le Consulat&quot;. 2) &quot;Les idées littéraires&quot;. 3) &quot;La première Restauration et les Cent-Jours&quot;. 4) &quot;La seconde Restauration&quot;. 5) &quot;De la liberté&quot;. 6) &quot;La doctrine politique&quot;. 7) &quot;Les idées économiques et sociales&quot;. 8) &quot;L'expérience religieuse&quot;. 9) &quot;De la Religion&quot;.</subfield><subfield code="5">RERO/?</subfield></datafield><datafield ind1="1" ind2="7" tag="600"><subfield code="a">Constant, Benjamin</subfield><subfield code="d">1767-1830</subfield><subfield code="0">(IDREF)02665265X</subfield><subfield code="2">idref</subfield></datafield><datafield ind1="1" ind2="7" tag="600"><subfield code="a">Constant, Benjamin</subfield><subfield code="d">1767-1830</subfield><subfield code="0">(DE-588)118638475</subfield><subfield code="2">gnd</subfield></datafield><datafield ind1=" " ind2="7" tag="650"><subfield code="a">1795-1831</subfield><subfield code="2">rero</subfield></datafield><datafield ind1=" " ind2=" " tag="900"><subfield code="a">REROnoselfmerge</subfield></datafield><datafield ind1=" " ind2=" " tag="900"><subfield code="a">IDSZRMedeaMUG</subfield></datafield><datafield ind1=" " ind2=" " tag="900"><subfield code="f">IDSU2medea</subfield></datafield></record>
</metadata></record>