<record><header><identifier>oai:alma.41SLSP_UGE:991000791659705502</identifier><datestamp>2023-04-07T00:46:28Z</datestamp><setSpec>uge_bcen_RapidILL_BOOK</setSpec><setSpec>uge_aaca_RapidILL_BOOK</setSpec><setSpec>uge_abels_RapidILL_BOOK</setSpec><setSpec>uge_dbu_RapidILL_BOOK</setSpec><setSpec>uge_cmu_RapidILL_BOOK</setSpec><setSpec>uge_mail_RapidILL_BOOK</setSpec><setSpec>uge_abbat_RapidILL_BOOK</setSpec><setSpec>UNIGE_ALL</setSpec><setSpec>uge_acar_RapidILL_BOOK</setSpec><setSpec>uge_aobs_RapidILL_BOOK</setSpec></header><metadata>
<record xmlns="http://www.loc.gov/MARC21/slim" xmlns:xsi="http://www.w3.org/2001/XMLSchema-instance" xsi:schemaLocation="http://www.loc.gov/MARC21/slim http://www.loc.gov/standards/marcxml/schema/MARC21slim.xsd"><leader>01843nam a2200529 c 4500</leader><controlfield tag="001">991000791659705502</controlfield><controlfield tag="005">20201229231512.0</controlfield><controlfield tag="008">201011s1975    xxu||||| |||| 00| ||eng d</controlfield><datafield ind1=" " ind2=" " tag="019"><subfield code="a">SPI Retro 826240</subfield></datafield><datafield ind1=" " ind2=" " tag="020"><subfield code="a">0871691078</subfield></datafield><datafield ind1=" " ind2=" " tag="035"><subfield code="a">(swissbib)211339857-41slsp_network</subfield></datafield><datafield ind1=" " ind2=" " tag="035"><subfield code="a">211339857</subfield><subfield code="9">ExL</subfield></datafield><datafield ind1=" " ind2=" " tag="035"><subfield code="a">(RERO)0074103-41slsp</subfield></datafield><datafield ind1=" " ind2=" " tag="035"><subfield code="a">(IDSBB)000478590DSV01</subfield></datafield><datafield ind1=" " ind2=" " tag="035"><subfield code="a">(NEBIS)000839294EBI01</subfield></datafield><datafield ind1=" " ind2=" " tag="035"><subfield code="a">(EXLNZ-41SLSP_NETWORK)991096628569705501</subfield></datafield><datafield ind1=" " ind2=" " tag="040"><subfield code="a">RERO</subfield><subfield code="d">CH-ZuSLS</subfield></datafield><datafield ind1="1" ind2=" " tag="041"><subfield code="a">eng</subfield><subfield code="h">grc</subfield></datafield><datafield ind1=" " ind2="7" tag="072"><subfield code="a">ph</subfield><subfield code="2">rero</subfield></datafield><datafield ind1=" " ind2="7" tag="072"><subfield code="a">ph</subfield><subfield code="2">SzZuIDS BS/BE</subfield></datafield><datafield ind1="0" ind2="0" tag="082"><subfield code="a">081 s</subfield><subfield code="a">184</subfield></datafield><datafield ind1="0" ind2="4" tag="082"><subfield code="a">184</subfield></datafield><datafield ind1="1" ind2=" " tag="100"><subfield code="a">Tarán, Leonardo</subfield><subfield code="d">1933-2022</subfield><subfield code="0">(IDREF)033995095</subfield><subfield code="4">cre</subfield></datafield><datafield ind1="1" ind2="0" tag="245"><subfield code="a">Academica</subfield><subfield code="b">Plato, Philip of Opus, and the Pseudo-Platonic Epinomis</subfield><subfield code="c">Leonardo Tarán</subfield></datafield><datafield ind1=" " ind2="1" tag="264"><subfield code="a">Philadelphia</subfield><subfield code="b">American Philosophical Society</subfield><subfield code="c">1975</subfield></datafield><datafield ind1=" " ind2=" " tag="300"><subfield code="a">VIII, 416 p.</subfield><subfield code="c">26 cm</subfield></datafield><datafield ind1=" " ind2=" " tag="336"><subfield code="b">txt</subfield><subfield code="2">rdacontent</subfield></datafield><datafield ind1=" " ind2=" " tag="337"><subfield code="b">n</subfield><subfield code="2">rdamedia</subfield></datafield><datafield ind1=" " ind2=" " tag="338"><subfield code="b">nc</subfield><subfield code="2">rdacarrier</subfield></datafield><datafield ind1="1" ind2=" " tag="490"><subfield code="a">Memoirs of the American Philosophical Society</subfield><subfield code="v">vol. 107</subfield></datafield><datafield ind1=" " ind2=" " tag="500"><subfield code="a">Enth. griech. Text: Epinomis / Plato</subfield></datafield><datafield ind1="0" ind2="7" tag="600"><subfield code="a">Platon</subfield><subfield code="d">0427?-0348? av. J.-C.</subfield><subfield code="t">Epinomis</subfield><subfield code="0">(IDREF)059613149</subfield><subfield code="2">idref</subfield></datafield><datafield ind1="0" ind2="7" tag="600"><subfield code="a">Philippe</subfield><subfield code="c">(d'Oponte).</subfield><subfield code="t">Epinomis</subfield><subfield code="0">(RERO)A010131344</subfield><subfield code="2">rero</subfield></datafield><datafield ind1="0" ind2="7" tag="600"><subfield code="a">Plato</subfield><subfield code="d">v427-v347</subfield><subfield code="t">Epinomis</subfield><subfield code="0">(DE-588)4476514-9</subfield><subfield code="2">gnd</subfield></datafield><datafield ind1="0" ind2="0" tag="600"><subfield code="a">Philippus</subfield><subfield code="c">of Opus</subfield></datafield><datafield ind1="0" ind2="0" tag="600"><subfield code="a">Philippus</subfield><subfield code="c">of Opus</subfield><subfield code="d">active 350 B.C.</subfield></datafield><datafield ind1="0" ind2="0" tag="600"><subfield code="a">Platon</subfield><subfield code="d">427-347 f.Kr</subfield><subfield code="t">Epinomis</subfield></datafield><datafield ind1="0" ind2="0" tag="600"><subfield code="a">Plato</subfield><subfield code="t">Epinomis</subfield></datafield><datafield ind1="0" ind2="0" tag="630"><subfield code="a">Epinomis</subfield></datafield><datafield ind1=" " ind2=" " tag="690"><subfield code="a">Philippus (von Opus)</subfield><subfield code="2">uzb-Z9</subfield></datafield><datafield ind1=" " ind2=" " tag="690"><subfield code="a">Platon / Werke / Einzelne Schriften</subfield><subfield code="2">uzb-Z9</subfield></datafield><datafield ind1="0" ind2=" " tag="700"><subfield code="a">Plato</subfield><subfield code="d">v427-v347</subfield><subfield code="0">(DE-588)118594893</subfield></datafield><datafield ind1="0" ind2="2" tag="700"><subfield code="a">Plato</subfield><subfield code="d">v427-v347</subfield><subfield code="t">Epinomis</subfield></datafield><datafield ind1=" " ind2=" " tag="830"><subfield code="a">Memoirs of the American Philosophical Society</subfield><subfield code="v">107</subfield><subfield code="w">(IDSBB)000036829DSV01</subfield></datafield><datafield ind1=" " ind2=" " tag="900"><subfield code="a">REROnoselfmerge</subfield></datafield><datafield ind1=" " ind2=" " tag="900"><subfield code="a">IDSERSPIdummy</subfield></datafield><datafield ind1=" " ind2=" " tag="900"><subfield code="a">IDSE1N25</subfield></datafield><datafield ind1=" " ind2=" " tag="900"><subfield code="f">IDSU2medea</subfield></datafield></record>
</metadata></record>