<record><header><identifier>oai:alma.41SLSP_UGE:991000791559705502</identifier><datestamp>2023-03-01T01:09:59Z</datestamp><setSpec>uge_bcen_RapidILL_BOOK</setSpec><setSpec>uge_aaca_RapidILL_BOOK</setSpec><setSpec>uge_abels_RapidILL_BOOK</setSpec><setSpec>uge_dbu_RapidILL_BOOK</setSpec><setSpec>uge_cmu_RapidILL_BOOK</setSpec><setSpec>uge_mail_RapidILL_BOOK</setSpec><setSpec>UNIGE_ALL</setSpec><setSpec>uge_abbat_RapidILL_BOOK</setSpec><setSpec>uge_aobs_RapidILL_BOOK</setSpec><setSpec>uge_acar_RapidILL_BOOK</setSpec></header><metadata>
<record xmlns="http://www.loc.gov/MARC21/slim" xmlns:xsi="http://www.w3.org/2001/XMLSchema-instance" xsi:schemaLocation="http://www.loc.gov/MARC21/slim http://www.loc.gov/standards/marcxml/schema/MARC21slim.xsd"><leader>02418nam a2200577 c 4500</leader><controlfield tag="001">991000791559705502</controlfield><controlfield tag="005">20230208193819.0</controlfield><controlfield tag="008">961202m19261951fr ||||| |||| 00| ||fre d</controlfield><datafield ind1=" " ind2=" " tag="035"><subfield code="a">(swissbib)076802035-41slsp_network</subfield></datafield><datafield ind1=" " ind2=" " tag="035"><subfield code="a">076802035</subfield><subfield code="9">ExL</subfield></datafield><datafield ind1=" " ind2=" " tag="035"><subfield code="a">(RERO)0065222-41slsp</subfield></datafield><datafield ind1=" " ind2=" " tag="035"><subfield code="a">(EXLNZ-41SLSP_NETWORK)991079527659705501</subfield></datafield><datafield ind1=" " ind2=" " tag="040"><subfield code="a">RERO</subfield><subfield code="d">CH-ZuSLS</subfield></datafield><datafield ind1=" " ind2="7" tag="072"><subfield code="a">se</subfield><subfield code="2">rero</subfield></datafield><datafield ind1=" " ind2="7" tag="072"><subfield code="a">dr</subfield><subfield code="2">rero</subfield></datafield><datafield ind1=" " ind2=" " tag="084"><subfield code="a">A 5.1 a</subfield><subfield code="2">cjurrom</subfield></datafield><datafield ind1=" " ind2=" " tag="084"><subfield code="a">CA/F 5.1 a</subfield><subfield code="2">cjurrom</subfield></datafield><datafield ind1="1" ind2=" " tag="100"><subfield code="a">Grandin, Aimable Auguste</subfield><subfield code="0">(IDREF)032520255</subfield><subfield code="4">cre</subfield></datafield><datafield ind1="1" ind2="0" tag="245"><subfield code="a">Bibliographie générale des sciences juridiques, politiques, économiques et sociales</subfield><subfield code="c">par A. Grandin</subfield></datafield><datafield ind1=" " ind2="1" tag="264"><subfield code="a">Paris</subfield><subfield code="b">Recueil Sirey</subfield><subfield code="c">1926-1951</subfield></datafield><datafield ind1=" " ind2=" " tag="300"><subfield code="a">22 vol.</subfield><subfield code="c">25 cm</subfield></datafield><datafield ind1=" " ind2=" " tag="336"><subfield code="b">txt</subfield><subfield code="2">rdacontent</subfield></datafield><datafield ind1=" " ind2=" " tag="337"><subfield code="b">n</subfield><subfield code="2">rdamedia</subfield></datafield><datafield ind1=" " ind2=" " tag="338"><subfield code="b">nc</subfield><subfield code="2">rdacarrier</subfield></datafield><datafield ind1="0" ind2="0" tag="505"><subfield code="g">T. 1:</subfield><subfield code="t">De 1800 à 1925-1926. - 1926. - VII + 794 p</subfield></datafield><datafield ind1="0" ind2="0" tag="505"><subfield code="g">T. 2:</subfield><subfield code="t">De 1800 à 1925-1926. - 1926. - 854 p</subfield></datafield><datafield ind1="0" ind2="0" tag="505"><subfield code="g">T. 3:</subfield><subfield code="t">De 1800 à 1925-1926. Tables. - 1926. - 691 p</subfield></datafield><datafield ind1="0" ind2="0" tag="505"><subfield code="g">Suppl. 1 :</subfield><subfield code="t">années 1926 et 1927. - 1928. - 224 p</subfield></datafield><datafield ind1="0" ind2="0" tag="505"><subfield code="g">Suppl. 2 :</subfield><subfield code="t">année 1928. - 1929. - 167 p</subfield></datafield><datafield ind1="0" ind2="0" tag="505"><subfield code="g">Suppl. 3 :</subfield><subfield code="t">année 1929. - 1930. - 186 p</subfield></datafield><datafield ind1="0" ind2="0" tag="505"><subfield code="g">Suppl. 4 :</subfield><subfield code="t">année 1930. - 1931. - 167 p</subfield></datafield><datafield ind1="0" ind2="0" tag="505"><subfield code="g">Suppl. 5 :</subfield><subfield code="t">année 1931. - 1932. - 182 p</subfield></datafield><datafield ind1="0" ind2="0" tag="505"><subfield code="g">Suppl. 6 :</subfield><subfield code="t">année 1932. - 1933. - 198 p</subfield></datafield><datafield ind1="0" ind2="0" tag="505"><subfield code="g">Suppl. 7 :</subfield><subfield code="t">année 1933. - 1934. - 198 p</subfield></datafield><datafield ind1="0" ind2="0" tag="505"><subfield code="g">Suppl. 8 :</subfield><subfield code="t">année 1934. - 1935. - 216 p</subfield></datafield><datafield ind1="0" ind2="0" tag="505"><subfield code="g">Suppl. 9 :</subfield><subfield code="t">année 1935. - 1936. - 216 p</subfield></datafield><datafield ind1="0" ind2="0" tag="505"><subfield code="g">Suppl. 10 :</subfield><subfield code="t">année 1936. - 1937. - 212 p</subfield></datafield><datafield ind1="0" ind2="0" tag="505"><subfield code="g">Suppl. 11 :</subfield><subfield code="t">année 1937. - 1938. - 223 p</subfield></datafield><datafield ind1="0" ind2="0" tag="505"><subfield code="g">Suppl. 12 :</subfield><subfield code="t">année 1938. - 1939. - 241 p</subfield></datafield><datafield ind1="0" ind2="0" tag="505"><subfield code="g">Suppl. 13 :</subfield><subfield code="t">année 1939. - 1940. - 235 p</subfield></datafield><datafield ind1="0" ind2="0" tag="505"><subfield code="g">Suppl. 14 :</subfield><subfield code="t">années 1940-1941. - 1942. - 241 p</subfield></datafield><datafield ind1="0" ind2="0" tag="505"><subfield code="g">Suppl. 15 :</subfield><subfield code="t">années 1942, 1943, 1944 et 1945. - 1945. - 362 p</subfield></datafield><datafield ind1="0" ind2="0" tag="505"><subfield code="g">Suppl. 16 :</subfield><subfield code="t">années 1945-1947. - 1948. - 443 p</subfield></datafield><datafield ind1="0" ind2="0" tag="505"><subfield code="g">Suppl. 17 :</subfield><subfield code="t">années 1947-1948. - 1949. - 387 p</subfield></datafield><datafield ind1="0" ind2="0" tag="505"><subfield code="g">Suppl. 18 :</subfield><subfield code="t">année 1949. - 1950. - 267 p</subfield></datafield><datafield ind1="0" ind2="0" tag="505"><subfield code="g">Suppl. 19 :</subfield><subfield code="t">année 1950. - 1951. - 281 p</subfield></datafield><datafield ind1=" " ind2="7" tag="650"><subfield code="a">Droit</subfield><subfield code="0">(IDREF)027466868</subfield><subfield code="2">idref</subfield></datafield><datafield ind1=" " ind2="7" tag="650"><subfield code="a">Science politique</subfield><subfield code="0">(IDREF)027792749</subfield><subfield code="2">idref</subfield></datafield><datafield ind1=" " ind2="7" tag="650"><subfield code="a">Sciences sociales</subfield><subfield code="0">(IDREF)027248321</subfield><subfield code="2">idref</subfield></datafield><datafield ind1=" " ind2="7" tag="650"><subfield code="a">Économie politique</subfield><subfield code="0">(IDREF)027790479</subfield><subfield code="2">idref</subfield></datafield><datafield ind1=" " ind2="7" tag="655"><subfield code="a">Bibliographie</subfield><subfield code="0">(IDREF)027229386</subfield><subfield code="2">idref</subfield></datafield><datafield ind1=" " ind2=" " tag="900"><subfield code="a">REROnoselfmerge</subfield></datafield></record>
</metadata></record>