<record><header><identifier>oai:alma.41SLSP_UGE:991000791769705502</identifier><datestamp>2024-03-21T01:18:43Z</datestamp><setSpec>uge_bcen_RapidILL_BOOK</setSpec><setSpec>uge_aaca_RapidILL_BOOK</setSpec><setSpec>uge_abels_RapidILL_BOOK</setSpec><setSpec>uge_dbu_RapidILL_BOOK</setSpec><setSpec>uge_cmu_RapidILL_BOOK</setSpec><setSpec>uge_mail_RapidILL_BOOK</setSpec><setSpec>uge_abbat_RapidILL_BOOK</setSpec><setSpec>UNIGE_ALL</setSpec><setSpec>uge_acar_RapidILL_BOOK</setSpec><setSpec>uge_aobs_RapidILL_BOOK</setSpec></header><metadata>
<record xmlns="http://www.loc.gov/MARC21/slim" xmlns:xsi="http://www.w3.org/2001/XMLSchema-instance" xsi:schemaLocation="http://www.loc.gov/MARC21/slim http://www.loc.gov/standards/marcxml/schema/MARC21slim.xsd"><leader>01716nam a22005412ca4500</leader><controlfield tag="001">991000791769705502</controlfield><controlfield tag="005">20240320225148.0</controlfield><controlfield tag="008">201011m19401962xxk||||| |||| 00| ||lat d</controlfield><datafield ind1=" " ind2=" " tag="019"><subfield code="a">Übergeordnete Aufnahme = Niveau supérieur = Livello superiore</subfield><subfield code="5">SLSP/2020</subfield></datafield><datafield ind1=" " ind2=" " tag="035"><subfield code="a">(swissbib)225555174-41slsp_network</subfield></datafield><datafield ind1=" " ind2=" " tag="035"><subfield code="a">225555174</subfield><subfield code="9">ExL</subfield></datafield><datafield ind1=" " ind2=" " tag="035"><subfield code="a">(NEBIS)006363142EBI01</subfield></datafield><datafield ind1=" " ind2=" " tag="035"><subfield code="a">(IDSBB)000478953DSV01</subfield></datafield><datafield ind1=" " ind2=" " tag="035"><subfield code="a">(RERO)0504947-41slsp</subfield></datafield><datafield ind1=" " ind2=" " tag="035"><subfield code="a">(EXLNZ-41SLSP_NETWORK)991051090519705501</subfield></datafield><datafield ind1=" " ind2=" " tag="040"><subfield code="a">SzZuIDS BS/BE A100</subfield><subfield code="d">CH-ZuSLS</subfield></datafield><datafield ind1="1" ind2=" " tag="041"><subfield code="a">lat</subfield><subfield code="h">grc</subfield></datafield><datafield ind1=" " ind2="7" tag="072"><subfield code="a">kp</subfield><subfield code="2">SzZuIDS BS/BE</subfield></datafield><datafield ind1=" " ind2="7" tag="072"><subfield code="a">ph</subfield><subfield code="2">rero</subfield></datafield><datafield ind1="0" ind2="4" tag="082"><subfield code="a">184</subfield><subfield code="2">21</subfield></datafield><datafield ind1="0" ind2="4" tag="082"><subfield code="a">888</subfield><subfield code="b">P697, KK68p, 1962</subfield></datafield><datafield ind1="1" ind2="4" tag="082"><subfield code="a">184</subfield></datafield><datafield ind1="0" ind2=" " tag="100"><subfield code="a">Plato</subfield><subfield code="d">v427-v347</subfield><subfield code="0">(DE-588)118594893</subfield></datafield><datafield ind1="1" ind2="0" tag="245"><subfield code="a">Plato Latinus</subfield><subfield code="c">edidit Raymundus Klibansky</subfield></datafield><datafield ind1=" " ind2="1" tag="264"><subfield code="a">Londinii</subfield><subfield code="b">in aedibus Instituti Warburgiani</subfield><subfield code="c">1940-1962</subfield></datafield><datafield ind1=" " ind2=" " tag="300"><subfield code="a">4 Bde.</subfield><subfield code="c">4'</subfield></datafield><datafield ind1=" " ind2=" " tag="336"><subfield code="b">txt</subfield><subfield code="2">rdacontent</subfield></datafield><datafield ind1=" " ind2=" " tag="337"><subfield code="b">n</subfield><subfield code="2">rdamedia</subfield></datafield><datafield ind1=" " ind2=" " tag="338"><subfield code="b">nc</subfield><subfield code="2">rdacarrier</subfield></datafield><datafield ind1="1" ind2=" " tag="490"><subfield code="a">Corpus Platonicum medii aevi</subfield></datafield><datafield ind1=" " ind2=" " tag="500"><subfield code="a">Aus dem Griech. übersetzt</subfield></datafield><datafield ind1="0" ind2="0" tag="600"><subfield code="a">Plato</subfield><subfield code="t">Parmenides</subfield></datafield><datafield ind1="0" ind2="0" tag="600"><subfield code="a">Plato</subfield><subfield code="t">Timaeus</subfield></datafield><datafield ind1=" " ind2="0" tag="650"><subfield code="a">Dialogues, Greek</subfield></datafield><datafield ind1=" " ind2="0" tag="650"><subfield code="a">Eschatology, Ancient</subfield></datafield><datafield ind1=" " ind2="0" tag="650"><subfield code="a">Ethics, Ancient</subfield></datafield><datafield ind1=" " ind2="0" tag="650"><subfield code="a">Nature</subfield></datafield><datafield ind1=" " ind2="0" tag="650"><subfield code="a">Philosophy</subfield></datafield><datafield ind1=" " ind2="0" tag="650"><subfield code="a">Philosophy, Ancient</subfield></datafield><datafield ind1=" " ind2="0" tag="650"><subfield code="a">Virtue</subfield></datafield><datafield ind1=" " ind2="4" tag="650"><subfield code="a">Latein</subfield></datafield><datafield ind1=" " ind2="4" tag="650"><subfield code="a">Übersetzung</subfield></datafield><datafield ind1=" " ind2="4" tag="655"><subfield code="a">Kommentar</subfield></datafield><datafield ind1="1" ind2=" " tag="700"><subfield code="a">Klibansky, Raymond</subfield><subfield code="d">1905-2005</subfield><subfield code="0">(DE-588)118777378</subfield><subfield code="6">880-02</subfield></datafield><datafield ind1="1" ind2=" " tag="880"><subfield code="a">Klibansky, Raymond</subfield><subfield code="0">(RERO)A003459490</subfield><subfield code="6">700-02</subfield></datafield><datafield ind1=" " ind2=" " tag="830"><subfield code="a">Corpus Platonicum medii aevi</subfield><subfield code="w">(NEBIS)006378245EBI01</subfield></datafield><datafield ind1=" " ind2=" " tag="900"><subfield code="a">IDSZ2zbzmon201103re</subfield><subfield code="c">IDSZ2gehm</subfield></datafield><datafield ind1=" " ind2=" " tag="900"><subfield code="a">IDSZRMedeaZBZ</subfield><subfield code="b">IDSZRSWK</subfield></datafield><datafield ind1=" " ind2=" " tag="900"><subfield code="a">REROnoselfmerge</subfield></datafield></record>
</metadata></record>