<record><header><identifier>oai:alma.41SLSP_UGE:991000791669705502</identifier><datestamp>2023-03-01T01:09:59Z</datestamp><setSpec>uge_cmu_RapidILL_JOURNAL</setSpec><setSpec>uge_aobs_RapidILL_JOURNAL</setSpec><setSpec>uge_aaca_RapidILL_JOURNAL</setSpec><setSpec>uge_bcen_RapidILL_JOURNAL</setSpec><setSpec>uge_abbat_RapidILL_JOURNAL</setSpec><setSpec>uge_dbu_RapidILL_JOURNAL</setSpec><setSpec>uge_mail_RapidILL_JOURNAL</setSpec><setSpec>UNIGE_ALL</setSpec><setSpec>uge_abels_RapidILL_JOURNAL</setSpec><setSpec>uge_acar_RapidILL_JOURNAL</setSpec></header><metadata>
<record xmlns="http://www.loc.gov/MARC21/slim" xmlns:xsi="http://www.w3.org/2001/XMLSchema-instance" xsi:schemaLocation="http://www.loc.gov/MARC21/slim http://www.loc.gov/standards/marcxml/schema/MARC21slim.xsd"><leader>01078nas a2200289 c 4500</leader><controlfield tag="001">991000791669705502</controlfield><controlfield tag="005">20201227134016.0</controlfield><controlfield tag="008">980824d19571969sz || p|  ||| 0    0ger d</controlfield><datafield ind1=" " ind2=" " tag="035"><subfield code="a">(swissbib)093557604-41slsp_network</subfield></datafield><datafield ind1=" " ind2=" " tag="035"><subfield code="a">093557604</subfield><subfield code="9">ExL</subfield></datafield><datafield ind1=" " ind2=" " tag="035"><subfield code="a">(RERO)R235012060-41slsp</subfield></datafield><datafield ind1=" " ind2=" " tag="035"><subfield code="a">(EXLNZ-41SLSP_NETWORK)991084748359705501</subfield></datafield><datafield ind1=" " ind2=" " tag="040"><subfield code="a">RERO geussc</subfield><subfield code="d">CH-ZuSLS</subfield></datafield><datafield ind1="0" ind2=" " tag="041"><subfield code="a">ger</subfield><subfield code="a">fre</subfield></datafield><datafield ind1=" " ind2=" " tag="044"><subfield code="a">sz</subfield><subfield code="c">ch-zh</subfield></datafield><datafield ind1=" " ind2="7" tag="072"><subfield code="a">pa</subfield><subfield code="2">rero</subfield></datafield><datafield ind1="0" ind2="0" tag="245"><subfield code="a">Subsidia pharmaceutica</subfield><subfield code="c">bearb. von der Wissenschaftlichen Zentralstelle des Schweizerischen Apotheker-Vereins</subfield></datafield><datafield ind1="1" ind2=" " tag="246"><subfield code="a">S. Ph</subfield></datafield><datafield ind1=" " ind2="1" tag="264"><subfield code="a">Zürich</subfield><subfield code="b">Schweiz. Apotheker-Vereins</subfield><subfield code="c">1957-1969</subfield></datafield><datafield ind1=" " ind2=" " tag="300"><subfield code="b">ill.</subfield><subfield code="c">25 cm</subfield></datafield><datafield ind1=" " ind2=" " tag="336"><subfield code="b">txt</subfield><subfield code="2">rdacontent</subfield></datafield><datafield ind1=" " ind2=" " tag="337"><subfield code="b">n</subfield><subfield code="2">rdamedia</subfield></datafield><datafield ind1=" " ind2=" " tag="338"><subfield code="b">nc</subfield><subfield code="2">rdacarrier</subfield></datafield><datafield ind1="0" ind2=" " tag="362"><subfield code="a">1957-1969.</subfield></datafield><datafield ind1=" " ind2=" " tag="500"><subfield code="a">Titre du dos: S. Ph.</subfield></datafield><datafield ind1=" " ind2=" " tag="500"><subfield code="a">De 1957 à 1965 publié sous forme de classeurs à feuillets mobiles avec mises à jour périodiques. De 1967 à 1969 publié sous forme de volumes anuels</subfield></datafield><datafield ind1="2" ind2=" " tag="710"><subfield code="a">Schweizerischer Apotheker-Verein</subfield><subfield code="b">Wissenschaftliche Zentralstelle</subfield><subfield code="0">(IDREF)244446806</subfield></datafield><datafield ind1=" " ind2=" " tag="900"><subfield code="a">REROnoselfmerge</subfield></datafield></record>
</metadata></record>