<record><header><identifier>oai:alma.41SLSP_UGE:991000791149705502</identifier><datestamp>2024-04-11T00:15:34Z</datestamp><setSpec>uge_bcen_RapidILL_BOOK</setSpec><setSpec>uge_aaca_RapidILL_BOOK</setSpec><setSpec>uge_abels_RapidILL_BOOK</setSpec><setSpec>uge_dbu_RapidILL_BOOK</setSpec><setSpec>uge_cmu_RapidILL_BOOK</setSpec><setSpec>uge_mail_RapidILL_BOOK</setSpec><setSpec>uge_abbat_RapidILL_BOOK</setSpec><setSpec>UNIGE_ALL</setSpec><setSpec>uge_aobs_RapidILL_BOOK</setSpec><setSpec>uge_acar_RapidILL_BOOK</setSpec></header><metadata>
<record xmlns="http://www.loc.gov/MARC21/slim" xmlns:xsi="http://www.w3.org/2001/XMLSchema-instance" xsi:schemaLocation="http://www.loc.gov/MARC21/slim http://www.loc.gov/standards/marcxml/schema/MARC21slim.xsd"><leader>06770nam a2200949 c 4500</leader><controlfield tag="001">991000791149705502</controlfield><controlfield tag="005">20240410142642.0</controlfield><controlfield tag="008">201012s2011    sz ||||| |||| 00| ||ger d</controlfield><datafield ind1=" " ind2=" " tag="020"><subfield code="a">9783727287336</subfield><subfield code="c">pb.</subfield></datafield><datafield ind1=" " ind2=" " tag="035"><subfield code="a">(swissbib)236949780-41slsp_network</subfield></datafield><datafield ind1=" " ind2=" " tag="035"><subfield code="a">236949780</subfield><subfield code="9">ExL</subfield></datafield><datafield ind1=" " ind2=" " tag="035"><subfield code="a">(RERO)R005471154-41slsp</subfield></datafield><datafield ind1=" " ind2=" " tag="035"><subfield code="a">(IDSSG)000518720HSB01</subfield></datafield><datafield ind1=" " ind2=" " tag="035"><subfield code="a">(IDSLU)000989348ILU01</subfield></datafield><datafield ind1=" " ind2=" " tag="035"><subfield code="a">(NEBIS)006082062EBI01</subfield></datafield><datafield ind1=" " ind2=" " tag="035"><subfield code="a">(IDSBB)005267770DSV01</subfield></datafield><datafield ind1=" " ind2=" " tag="035"><subfield code="a">(ABN)000664892ABN01</subfield></datafield><datafield ind1=" " ind2=" " tag="035"><subfield code="a">(ALEX)bv001435414</subfield></datafield><datafield ind1=" " ind2=" " tag="035"><subfield code="a">(CH-UniLiZuSLS)991097228439705501</subfield></datafield><datafield ind1=" " ind2=" " tag="035"><subfield code="a">(UNILI)000308154LLB01</subfield></datafield><datafield ind1=" " ind2=" " tag="035"><subfield code="a">(EXLNZ-41SLSP_NETWORK)991097228439705501</subfield></datafield><datafield ind1=" " ind2=" " tag="040"><subfield code="a">RERO frbcuc</subfield><subfield code="d">CH-ZuSLS</subfield></datafield><datafield ind1=" " ind2=" " tag="044"><subfield code="a">sz</subfield><subfield code="c">ch-be</subfield></datafield><datafield ind1=" " ind2="7" tag="072"><subfield code="a">dr</subfield><subfield code="2">rero</subfield></datafield><datafield ind1=" " ind2="7" tag="072"><subfield code="a">807</subfield><subfield code="2">IDS LU</subfield></datafield><datafield ind1=" " ind2="7" tag="072"><subfield code="a">824</subfield><subfield code="2">IDS LU</subfield></datafield><datafield ind1=" " ind2="7" tag="072"><subfield code="a">rw</subfield><subfield code="2">SzZuIDS BS/BE</subfield></datafield><datafield ind1="0" ind2="4" tag="082"><subfield code="a">343.4940526</subfield><subfield code="2">22/ger</subfield></datafield><datafield ind1="0" ind2="4" tag="082"><subfield code="a">340</subfield></datafield><datafield ind1="1" ind2="4" tag="082"><subfield code="a">340</subfield><subfield code="2">15</subfield></datafield><datafield ind1=" " ind2=" " tag="084"><subfield code="a">CA/CH 54 h</subfield><subfield code="2">cjurrom</subfield></datafield><datafield ind1=" " ind2=" " tag="084"><subfield code="a">PP 6040</subfield><subfield code="2">rvk</subfield></datafield><datafield ind1=" " ind2=" " tag="084"><subfield code="a">PP 8080</subfield><subfield code="2">rvk</subfield></datafield><datafield ind1="1" ind2=" " tag="100"><subfield code="a">Jung, Marcel René</subfield><subfield code="d">19..-....</subfield><subfield code="0">(IDREF)261834843</subfield><subfield code="4">cre</subfield></datafield><datafield ind1="1" ind2="0" tag="245"><subfield code="a">Abkommensmissbrauch im internationalen Steuerrecht der Schweiz</subfield><subfield code="b">Missbrauchsbestimmungen - Rechtsprechung - Verwaltungspraxis</subfield><subfield code="c">Marcel R. Jung</subfield></datafield><datafield ind1=" " ind2="1" tag="264"><subfield code="a">Bern</subfield><subfield code="b">Stämpfli Verlag</subfield><subfield code="c">2011</subfield></datafield><datafield ind1=" " ind2=" " tag="300"><subfield code="a">228 S.</subfield><subfield code="b">Ill.</subfield><subfield code="c">23 cm</subfield></datafield><datafield ind1=" " ind2=" " tag="336"><subfield code="b">txt</subfield><subfield code="2">rdacontent</subfield></datafield><datafield ind1=" " ind2=" " tag="337"><subfield code="b">n</subfield><subfield code="2">rdamedia</subfield></datafield><datafield ind1=" " ind2=" " tag="338"><subfield code="b">nc</subfield><subfield code="2">rdacarrier</subfield></datafield><datafield ind1=" " ind2=" " tag="504"><subfield code="a">Bibliogr.</subfield></datafield><datafield ind1=" " ind2="7" tag="650"><subfield code="a">internationale Doppelbesteuerung</subfield><subfield code="9">ger</subfield><subfield code="0">(RERO)jurivoc000011901ger</subfield><subfield code="2">jurivoc</subfield></datafield><datafield ind1=" " ind2="7" tag="650"><subfield code="a">Doppelbesteuerungsabkommen</subfield><subfield code="9">ger</subfield><subfield code="0">(RERO)jurivoc000005805ger</subfield><subfield code="2">jurivoc</subfield></datafield><datafield ind1=" " ind2="7" tag="650"><subfield code="a">Missbrauch</subfield><subfield code="9">ger</subfield><subfield code="0">(RERO)jurivoc000015152ger</subfield><subfield code="2">jurivoc</subfield></datafield><datafield ind1=" " ind2="7" tag="650"><subfield code="a">Gerichts- und Verwaltungspraxis</subfield><subfield code="9">ger</subfield><subfield code="0">(RERO)jurivoc000009624ger</subfield><subfield code="2">jurivoc</subfield></datafield><datafield ind1=" " ind2="7" tag="650"><subfield code="a">OECD</subfield><subfield code="9">ger</subfield><subfield code="0">(RERO)jurivoc000016282ger</subfield><subfield code="2">jurivoc</subfield></datafield><datafield ind1=" " ind2="7" tag="650"><subfield code="a">Gemeinschaftsrecht</subfield><subfield code="9">ger</subfield><subfield code="0">(RERO)jurivoc000009467ger</subfield><subfield code="2">jurivoc</subfield></datafield><datafield ind1=" " ind2="7" tag="650"><subfield code="a">Abus de droit</subfield><subfield code="0">(IDREF)028233352</subfield><subfield code="2">idref</subfield></datafield><datafield ind1=" " ind2="7" tag="650"><subfield code="a">double imposition internationale</subfield><subfield code="0">(RERO)A009984260</subfield><subfield code="2">rerovoc</subfield></datafield><datafield ind1=" " ind2="7" tag="650"><subfield code="a">impôt anticipé</subfield><subfield code="0">(RERO)A010098296</subfield><subfield code="2">rerovoc</subfield></datafield><datafield ind1=" " ind2="7" tag="650"><subfield code="a">Impôt sur le revenu</subfield><subfield code="0">(IDREF)027261972</subfield><subfield code="2">idref</subfield></datafield><datafield ind1=" " ind2="7" tag="650"><subfield code="a">Traités</subfield><subfield code="0">(IDREF)027442993</subfield><subfield code="2">idref</subfield></datafield><datafield ind1=" " ind2="7" tag="650"><subfield code="a">Droit fiscal (droit international)</subfield><subfield code="0">(IDREF)027741583</subfield><subfield code="2">idref</subfield></datafield><datafield ind1=" " ind2="7" tag="650"><subfield code="a">Internationales Steuerrecht</subfield><subfield code="2">idszbz</subfield></datafield><datafield ind1=" " ind2="7" tag="650"><subfield code="a">Rechtsmissbrauch</subfield><subfield code="2">idszbz</subfield></datafield><datafield ind1=" " ind2="0" tag="650"><subfield code="a">Double taxation</subfield><subfield code="z">Switzerland</subfield></datafield><datafield ind1=" " ind2="0" tag="650"><subfield code="a">Tax evasion</subfield><subfield code="z">Switzerland</subfield></datafield><datafield ind1=" " ind2="7" tag="650"><subfield code="a">Doppelbesteuerungsabkommen</subfield><subfield code="0">(DE-588)4070544-4</subfield><subfield code="2">gnd</subfield></datafield><datafield ind1=" " ind2="7" tag="650"><subfield code="a">Rechtsmissbrauch</subfield><subfield code="0">(DE-588)4048806-8</subfield><subfield code="2">gnd</subfield></datafield><datafield ind1=" " ind2="7" tag="651"><subfield code="a">Schweiz</subfield><subfield code="9">ger</subfield><subfield code="0">(RERO)jurivoc000019912ger</subfield><subfield code="2">jurivoc</subfield></datafield><datafield ind1=" " ind2="7" tag="651"><subfield code="a">USA</subfield><subfield code="9">ger</subfield><subfield code="0">(RERO)jurivoc000024080ger</subfield><subfield code="2">jurivoc</subfield></datafield><datafield ind1=" " ind2="7" tag="651"><subfield code="a">Suisse</subfield><subfield code="0">(IDREF)027249654</subfield><subfield code="2">idref</subfield></datafield><datafield ind1=" " ind2="7" tag="651"><subfield code="a">Schweiz</subfield><subfield code="2">idszbz</subfield></datafield><datafield ind1=" " ind2="7" tag="651"><subfield code="a">Schweiz</subfield><subfield code="0">(DE-588)4053881-3</subfield><subfield code="2">gnd</subfield></datafield><datafield ind1=" " ind2=" " tag="690"><subfield code="a">Doppelbesteuerung; Gesetz; Landesrecht; Missbrauch; EU-Recht; Rechtsprechung; Verbot; Abkommen; Klausel; Quellensteuer; Steuerwettbewerb; Kommentar; Ertragsteuer; Auslegung; Prinzip; Ertrag</subfield><subfield code="2">idssg-J</subfield></datafield><datafield ind1=" " ind2=" " tag="690"><subfield code="a">Missbrauchsbestimmung; Abkommensrecht; Abkommensmissbrauch; Besteuerungsrecht; OECD-Kommentar; Gewinndurchlaufklausel; Verzinsungsrichtlinie; Verrechnungssteuer; Ausschlussklausel; Besteuerungsklausel; Mindesthaltedauerklausel; Quellensteuerverfahren; Transparenzklausel; Verständigungsverfahren; Abkommensbestimmung; DBA-Fall; Nicht-DBA-Fall; Rechtsmissbrauch; Grundstückgewinnsteuer; Repo-Geschäft; Anwendungsbereich; Grundsatzfrage; Kapitalvermögen; Aufwandbesteuerung; Auslegungshilfe; Durchlaufgesellschaft; Ex-Geschäft; Finanzgesellschaft; Leitsatz; Missbrauchsbekämpfung; Quellenbesteuerung; Sportlergesellschaft; Abkommensvorteil; Altreservenpraxis; Anspruchsvoraussetzung; EG-Mitgliedstaat; Emissionsvehikel; Eu-Steuerrückbehalt; Nebenzweck; Nutzungsberechtigter; Nutzungsberechtigung; Steuerexperte; Steuerpflicht; Steuerumgehungsabsicht; US-Steuerrückbehalt; Wortlaut</subfield><subfield code="2">idssg-J</subfield></datafield><datafield ind1=" " ind2=" " tag="690"><subfield code="a">allgemeine Missbrauchsbestimmung; internationale Doppelbesteuerung; weitergehende Missbrauchsbestimmung; allgemeiner Anwendungsbereich; allgemeine Missbrauchsbestimmung; ausländisches Emissionsvehikel; ausländische Quellensteuer; beschränkte Steuerpflicht; besonderer Anwendungsbereich; besondere Missbrauchsbestimmung; bewegliches Kapitalvermögen; bilaterales Konzept; bilaterale Missbrauchsbestimmung; bundesgerichtliche Rechtsprechung; bundesverwaltungsgerichtliche Rechtsprechung; europäisches Gemeinschaftsrecht; fiktive Zurechnung; formale Vs; gemeinsame Auslegung; inländische Finanzgesellschaft; internationaler Effekt; internationales Steuerrecht; marktwirtschaftlich Konnex; rechtliche Doppelbesteuerung; schweizer Bemerkung; schweizer Landesrecht; schweizer Leading; schädlicher Steuerwettbewerb; unbeschränkte Steuerpflicht; unilaterale Vs; unilaterale Anspruchsvoraussetzung; unilaterales Besteuerungsrecht; unilaterale Missbrauchsbestimmung; verfassungsrechtliches Verbot; völkerrechtskonforme Auslegung; wirtschaftliche Auslegung</subfield><subfield code="2">idssg-J</subfield></datafield><datafield ind1=" " ind2=" " tag="690"><subfield code="a">Deutschland C4EUGE; Schweiz C4EXSI; Vereinigte Staaten C1USA; Marokko C6MORO</subfield><subfield code="2">idssg-J</subfield></datafield><datafield ind1=" " ind2=" " tag="690"><subfield code="a">B. Begrenzung; B. Einkommens-; B. Hauptzweck; B. Prinzip; B. Rechtsmissbrauch; B. Steuerbefreiung; B. Treaty; B. Umgehung; B. Vereinbarung; B. Verrechnungssteuer; Becker; C. Ansässigkeits-; C. Grundstückgewinnsteuer; C. Industry Directive on; C. Konzept; C. Standardformen; C. Vorbehalt; D. Durchgriff; D. Immobiliengesellschaften; D. Konzept; D. Prinzip; D. Rechtsfolgennach Schweizer Landesrecht; Dr. Marcel R.; E. Künstler-; E. Missbrauchsbekämpfung; E. Verhältnis; E. Zwischenschaltung; F. CFC; F. Zwischenschaltung; G. Finanzierungs-; Industry Directive on; Jung; Master Agreement; Qualified Intermediary; Securities Lending</subfield><subfield code="2">idssg-J</subfield></datafield><datafield ind1=" " ind2=" " tag="690"><subfield code="e">LC</subfield><subfield code="a">Interkantonales/Internationales Steuerrecht : Internationales Steuerrecht</subfield><subfield code="2">hsg-iff</subfield></datafield><datafield ind1=" " ind2=" " tag="691"><subfield code="e">PC 54 CH</subfield><subfield code="2">rzs-L1</subfield></datafield><datafield ind1="4" ind2="2" tag="856"><subfield code="u">https://deposit.dnb.de/cgi-bin/dokserv?id=3493904&amp;prov=M&amp;dok_var=1&amp;dok_ext=htm</subfield></datafield><datafield ind1="4" ind2="2" tag="856"><subfield code="u">https://toc.library.ethz.ch/objects/pdf/z01_978-3-7272-8733-6_01.pdf</subfield></datafield><datafield ind1="4" ind2="2" tag="856"><subfield code="u">http://www.ub.unibas.ch/tox/IDSLUZ/000989348/PDF</subfield></datafield><datafield ind1="4" ind2=" " tag="856"><subfield code="u">https://tools.unisg.ch/url/hm00385322</subfield><subfield code="z">Inhaltsverzeichnis</subfield></datafield><datafield ind1=" " ind2=" " tag="900"><subfield code="a">IDSE5E51ANH-2012</subfield></datafield><datafield ind1=" " ind2=" " tag="900"><subfield code="a">IDSZ2rwimon201105e</subfield><subfield code="c">IDSZ2buche 110512</subfield><subfield code="d">IDSZ2rwiswk201106b</subfield><subfield code="e">IDSZ2meim</subfield></datafield><datafield ind1=" " ind2=" " tag="900"><subfield code="a">IDSZ2zbzmon201107l</subfield><subfield code="c">IDSZ2meyr</subfield><subfield code="d">IDSZ2zbzswk201107u</subfield><subfield code="e">IDSZ2bruu</subfield></datafield><datafield ind1=" " ind2=" " tag="911"><subfield code="a">Jung, Marcel René</subfield></datafield><datafield ind1=" " ind2=" " tag="949"><subfield code="a">https://toc.library.ethz.ch/objects/pdf/z01_978-3-7272-8733-6_01.pdf</subfield></datafield><datafield ind1=" " ind2=" " tag="949"><subfield code="a">http://www.ub.unibas.ch/tox/IDSLUZ/000989348/PDF</subfield></datafield><datafield ind1=" " ind2=" " tag="949"><subfield code="a">https://deposit.dnb.de/cgi-bin/dokserv?id=3493904&amp;prov=M&amp;dok_var=1&amp;dok_ext=htm</subfield></datafield><datafield ind1=" " ind2=" " tag="949"><subfield code="a">https://tools.unisg.ch/url/hm00385322</subfield></datafield></record>
</metadata></record>