<record><header><identifier>oai:alma.41SLSP_UGE:991000791599705502</identifier><datestamp>2023-03-01T01:09:59Z</datestamp><setSpec>uge_bcen_RapidILL_BOOK</setSpec><setSpec>uge_aaca_RapidILL_BOOK</setSpec><setSpec>uge_abels_RapidILL_BOOK</setSpec><setSpec>uge_dbu_RapidILL_BOOK</setSpec><setSpec>uge_cmu_RapidILL_BOOK</setSpec><setSpec>uge_mail_RapidILL_BOOK</setSpec><setSpec>UNIGE_ALL</setSpec><setSpec>uge_abbat_RapidILL_BOOK</setSpec><setSpec>uge_acar_RapidILL_BOOK</setSpec><setSpec>uge_aobs_RapidILL_BOOK</setSpec></header><metadata>
<record xmlns="http://www.loc.gov/MARC21/slim" xmlns:xsi="http://www.w3.org/2001/XMLSchema-instance" xsi:schemaLocation="http://www.loc.gov/MARC21/slim http://www.loc.gov/standards/marcxml/schema/MARC21slim.xsd"><leader>01296nam a2200325 c 4500</leader><controlfield tag="001">991000791599705502</controlfield><controlfield tag="005">20230223203120.0</controlfield><controlfield tag="008">010904s2000    gw ||||| |||| 00| ||ger d</controlfield><datafield ind1=" " ind2=" " tag="020"><subfield code="a">3484391006</subfield></datafield><datafield ind1=" " ind2=" " tag="035"><subfield code="a">(swissbib)097112593-41slsp_network</subfield></datafield><datafield ind1=" " ind2=" " tag="035"><subfield code="a">097112593</subfield><subfield code="9">ExL</subfield></datafield><datafield ind1=" " ind2=" " tag="035"><subfield code="a">(RERO)R003085776-41slsp</subfield></datafield><datafield ind1=" " ind2=" " tag="035"><subfield code="a">(EXLNZ-41SLSP_NETWORK)991080009289705501</subfield></datafield><datafield ind1=" " ind2=" " tag="040"><subfield code="a">RERO geulal</subfield><subfield code="d">CH-ZuSLS</subfield></datafield><datafield ind1="0" ind2=" " tag="041"><subfield code="a">ger</subfield><subfield code="a">eng</subfield></datafield><datafield ind1=" " ind2="7" tag="072"><subfield code="a">al</subfield><subfield code="2">rero</subfield></datafield><datafield ind1=" " ind2="7" tag="072"><subfield code="a">lg</subfield><subfield code="2">rero</subfield></datafield><datafield ind1="0" ind2="0" tag="245"><subfield code="a">Wörterbücher in der Diskussion</subfield><subfield code="b">Vorträge aus dem Heidelberger Lexikographischen Kolloquium.</subfield><subfield code="n">4</subfield><subfield code="c">hrsg. von Herbert Ernst Wiegand</subfield></datafield><datafield ind1="1" ind2=" " tag="246"><subfield code="a">Heidelberger Lexikographisches Kolloquium</subfield></datafield><datafield ind1=" " ind2="1" tag="264"><subfield code="a">Tübingen</subfield><subfield code="b">M. Niemeyer</subfield><subfield code="c">2000</subfield></datafield><datafield ind1=" " ind2=" " tag="300"><subfield code="a">VI, 372 p.</subfield><subfield code="b">ill.</subfield><subfield code="c">24 cm</subfield></datafield><datafield ind1=" " ind2=" " tag="336"><subfield code="b">txt</subfield><subfield code="2">rdacontent</subfield></datafield><datafield ind1=" " ind2=" " tag="337"><subfield code="b">n</subfield><subfield code="2">rdamedia</subfield></datafield><datafield ind1=" " ind2=" " tag="338"><subfield code="b">nc</subfield><subfield code="2">rdacarrier</subfield></datafield><datafield ind1="1" ind2=" " tag="490"><subfield code="a">Lexicographica. Series maior</subfield><subfield code="v">100</subfield></datafield><datafield ind1=" " ind2="7" tag="650"><subfield code="a">Lexicographie</subfield><subfield code="0">(IDREF)027487717</subfield><subfield code="2">idref</subfield></datafield><datafield ind1=" " ind2="7" tag="655"><subfield code="a">Actes de congrès</subfield><subfield code="0">(IDREF)02886431X</subfield><subfield code="2">idref</subfield></datafield><datafield ind1="1" ind2=" " tag="700"><subfield code="a">Wiegand, Herbert Ernst</subfield><subfield code="d">1936-2018</subfield><subfield code="0">(IDREF)02842123X</subfield></datafield><datafield ind1="2" ind2=" " tag="710"><subfield code="a">Ruprecht-Karls-Universität (Heidelberg)</subfield><subfield code="b">Germanistisches Seminar</subfield><subfield code="b">Heidelberger Lexikographisches Kolloquium</subfield><subfield code="d">1997-1998</subfield><subfield code="c">Heidelberg</subfield><subfield code="0">(RERO)A012513895</subfield></datafield><datafield ind1=" " ind2=" " tag="830"><subfield code="a">Lexicographica</subfield><subfield code="p">Series maior</subfield><subfield code="v">100</subfield><subfield code="w">(RERO)0619542-41slsp</subfield></datafield><datafield ind1=" " ind2=" " tag="900"><subfield code="a">REROnoselfmerge</subfield></datafield></record>
</metadata></record>