<record><header><identifier>oai:alma.41SLSP_UGE:991000792019705502</identifier><datestamp>2024-03-09T01:41:46Z</datestamp><setSpec>uge_bcen_RapidILL_BOOK</setSpec><setSpec>uge_aaca_RapidILL_BOOK</setSpec><setSpec>uge_abels_RapidILL_BOOK</setSpec><setSpec>uge_dbu_RapidILL_BOOK</setSpec><setSpec>uge_cmu_RapidILL_BOOK</setSpec><setSpec>uge_mail_RapidILL_BOOK</setSpec><setSpec>uge_abbat_RapidILL_BOOK</setSpec><setSpec>UNIGE_ALL</setSpec><setSpec>uge_aobs_RapidILL_BOOK</setSpec><setSpec>uge_acar_RapidILL_BOOK</setSpec></header><metadata>
<record xmlns="http://www.loc.gov/MARC21/slim" xmlns:xsi="http://www.w3.org/2001/XMLSchema-instance" xsi:schemaLocation="http://www.loc.gov/MARC21/slim http://www.loc.gov/standards/marcxml/schema/MARC21slim.xsd"><leader>06722nam a2201117 c 4500</leader><controlfield tag="001">991000792019705502</controlfield><controlfield tag="005">20240308223057.0</controlfield><controlfield tag="008">201011s2007    sz            00| | ger  </controlfield><datafield ind1=" " ind2=" " tag="020"><subfield code="a">9783907630266</subfield><subfield code="c">ca. CHF 30.00</subfield></datafield><datafield ind1=" " ind2=" " tag="035"><subfield code="a">(swissbib)219027358-41slsp_network</subfield></datafield><datafield ind1=" " ind2=" " tag="035"><subfield code="a">219027358</subfield><subfield code="9">ExL</subfield></datafield><datafield ind1=" " ind2=" " tag="035"><subfield code="a">(NEBIS)005341539EBI01</subfield></datafield><datafield ind1=" " ind2=" " tag="035"><subfield code="a">(IDSBB)004167294DSV01</subfield></datafield><datafield ind1=" " ind2=" " tag="035"><subfield code="a">(IDSSG)000370324HSB01</subfield></datafield><datafield ind1=" " ind2=" " tag="035"><subfield code="a">(IDSLU)000519745ILU01</subfield></datafield><datafield ind1=" " ind2=" " tag="035"><subfield code="a">(RERO)R004377028-41slsp</subfield></datafield><datafield ind1=" " ind2=" " tag="035"><subfield code="a">(ABN)000330324ABN01</subfield></datafield><datafield ind1=" " ind2=" " tag="035"><subfield code="a">(ALEX)bv001327367</subfield></datafield><datafield ind1=" " ind2=" " tag="035"><subfield code="a">(EXLNZ-41SLSP_NETWORK)991052900729705501</subfield></datafield><datafield ind1=" " ind2=" " tag="040"><subfield code="a">SzZuIDS NEBIS METEO-CH</subfield><subfield code="d">CH-ZuSLS</subfield></datafield><datafield ind1=" " ind2=" " tag="044"><subfield code="a">sz</subfield><subfield code="c">ch-be</subfield></datafield><datafield ind1=" " ind2="7" tag="072"><subfield code="a">uw</subfield><subfield code="2">SzZuIDS BS/BE</subfield></datafield><datafield ind1=" " ind2="7" tag="072"><subfield code="a">gg</subfield><subfield code="2">SzZuIDS BS/BE</subfield></datafield><datafield ind1=" " ind2="7" tag="072"><subfield code="a">318</subfield><subfield code="2">IDS LU</subfield></datafield><datafield ind1=" " ind2="7" tag="072"><subfield code="a">610</subfield><subfield code="2">IDS LU</subfield></datafield><datafield ind1=" " ind2="7" tag="072"><subfield code="a">go</subfield><subfield code="2">rero</subfield></datafield><datafield ind1=" " ind2="7" tag="072"><subfield code="a">ur</subfield><subfield code="2">rero</subfield></datafield><datafield ind1="0" ind2="4" tag="082"><subfield code="a">363.7387420949401</subfield><subfield code="2">22/ger</subfield></datafield><datafield ind1=" " ind2=" " tag="084"><subfield code="a">CA/CH 59 c</subfield><subfield code="2">cjurrom</subfield></datafield><datafield ind1="0" ind2="0" tag="245"><subfield code="a">Klimaänderung und die Schweiz 2050</subfield><subfield code="b">erwartete Auswirkungen auf Umwelt, Gesellschaft und Wirtschaft</subfield><subfield code="c">[Hrsg.: Beratendes Organ für Fragen der Klimaänderung] ; [Red.: Roland Hohmann ... et al.]</subfield></datafield><datafield ind1=" " ind2="1" tag="264"><subfield code="a">Bern</subfield><subfield code="b">OcCC</subfield><subfield code="c">2007</subfield></datafield><datafield ind1=" " ind2=" " tag="300"><subfield code="a">168 S.</subfield><subfield code="b">Ill.</subfield><subfield code="c">30 cm</subfield></datafield><datafield ind1=" " ind2=" " tag="336"><subfield code="b">txt</subfield><subfield code="2">rdacontent</subfield></datafield><datafield ind1=" " ind2=" " tag="337"><subfield code="b">n</subfield><subfield code="2">rdamedia</subfield></datafield><datafield ind1=" " ind2=" " tag="338"><subfield code="b">nc</subfield><subfield code="2">rdacarrier</subfield></datafield><datafield ind1=" " ind2=" " tag="520"><subfield code="a">Climate change, agriculture, water management, tourism, Switzerland</subfield></datafield><datafield ind1=" " ind2=" " tag="520"><subfield code="a">Klimaveränderung - Landschaftsveränderung - Klimaerwärmung</subfield><subfield code="5">ubs-Archäologie</subfield></datafield><datafield ind1=" " ind2="7" tag="648"><subfield code="a">Prognose 2007-2050</subfield><subfield code="2">gnd</subfield></datafield><datafield ind1=" " ind2="7" tag="650"><subfield code="a">Umwelterziehung</subfield><subfield code="0">(DE-588)4061627-7</subfield><subfield code="2">gnd</subfield></datafield><datafield ind1=" " ind2="7" tag="650"><subfield code="a">ENTWICKLUNG TERRESTRISCHER ÖKOSYSTEME, ENTSTEHUNG, SUKZESSION (ÖKOLOGIE)</subfield><subfield code="9">ger</subfield><subfield code="0">(ETHUDK)000021448</subfield><subfield code="2">ethudk</subfield></datafield><datafield ind1=" " ind2="7" tag="650"><subfield code="a">GEBAUTE UMWELT + UMWELTGESTALTUNG</subfield><subfield code="9">ger</subfield><subfield code="0">(ETHUDK)000059832</subfield><subfield code="2">ethudk</subfield></datafield><datafield ind1=" " ind2="7" tag="650"><subfield code="a">GESUNDHEITSÖKONOMIE + GESUNDHEITSAUSGABEN</subfield><subfield code="9">ger</subfield><subfield code="0">(ETHUDK)000026384</subfield><subfield code="2">ethudk</subfield></datafield><datafield ind1=" " ind2="7" tag="650"><subfield code="a">GLOBAL CHANGE + KLIMAERWÄRMUNG (KLIMATOLOGIE)</subfield><subfield code="9">ger</subfield><subfield code="0">(ETHUDK)000046096</subfield><subfield code="2">ethudk</subfield></datafield><datafield ind1=" " ind2="7" tag="650"><subfield code="a">KLIMAMODELLE + PROXY DATA (KLIMATOLOGIE)</subfield><subfield code="9">ger</subfield><subfield code="0">(ETHUDK)000043338</subfield><subfield code="2">ethudk</subfield></datafield><datafield ind1=" " ind2="7" tag="650"><subfield code="a">KRANKHEITSURSACHEN (MEDIZIN)</subfield><subfield code="9">ger</subfield><subfield code="0">(ETHUDK)000027013</subfield><subfield code="2">ethudk</subfield></datafield><datafield ind1=" " ind2="7" tag="650"><subfield code="a">LANDWIRTSCHAFT UND UMWELT</subfield><subfield code="9">ger</subfield><subfield code="0">(ETHUDK)000049584</subfield><subfield code="2">ethudk</subfield></datafield><datafield ind1=" " ind2="7" tag="650"><subfield code="a">SCHWEIZ (MITTELEUROPA). SCHWEIZERISCHE EIDGENOSSENSCHAFT</subfield><subfield code="9">ger</subfield><subfield code="0">(ETHUDK)000004571</subfield><subfield code="2">ethudk</subfield></datafield><datafield ind1=" " ind2="7" tag="650"><subfield code="a">SCHWEIZER ALPEN</subfield><subfield code="9">ger</subfield><subfield code="0">(ETHUDK)000000279</subfield><subfield code="2">ethudk</subfield></datafield><datafield ind1=" " ind2="7" tag="650"><subfield code="a">SCHÄDEN DURCH EXTREME ODER AUSBLEIBENDE NIEDERSCHLÄGE (METEOROLOGIE)</subfield><subfield code="9">ger</subfield><subfield code="0">(ETHUDK)000055017</subfield><subfield code="2">ethudk</subfield></datafield><datafield ind1=" " ind2="7" tag="650"><subfield code="a">STÄDTISCHE UMWELTBELASTUNG (UMWELTPROBLEME)</subfield><subfield code="9">ger</subfield><subfield code="0">(ETHUDK)000050301</subfield><subfield code="2">ethudk</subfield></datafield><datafield ind1=" " ind2="7" tag="650"><subfield code="a">TOURISMUS + FREMDENVERKEHR + VERGNÜGUNGSREISEN (FREIZEITGESTALTUNG)</subfield><subfield code="9">ger</subfield><subfield code="0">(ETHUDK)000012308</subfield><subfield code="2">ethudk</subfield></datafield><datafield ind1=" " ind2="7" tag="650"><subfield code="a">TREIBHAUSEFFEKT (KLIMATOLOGIE)</subfield><subfield code="9">ger</subfield><subfield code="0">(ETHUDK)000020438</subfield><subfield code="2">ethudk</subfield></datafield><datafield ind1=" " ind2="7" tag="650"><subfield code="a">VERSICHERUNG GEGEN NATURKATASTROPHEN (VERSICHERUNGSWESEN)</subfield><subfield code="9">ger</subfield><subfield code="0">(ETHUDK)000011956</subfield><subfield code="2">ethudk</subfield></datafield><datafield ind1=" " ind2="7" tag="650"><subfield code="a">WASSERKREISLAUF + WASSERHAUSHALT DER ERDE</subfield><subfield code="9">ger</subfield><subfield code="0">(ETHUDK)000020797</subfield><subfield code="2">ethudk</subfield></datafield><datafield ind1=" " ind2="7" tag="650"><subfield code="a">WASSERWIRTSCHAFTLICHE PLANUNG (HYDROLOGIE)</subfield><subfield code="9">ger</subfield><subfield code="0">(ETHUDK)000035345</subfield><subfield code="2">ethudk</subfield></datafield><datafield ind1=" " ind2="7" tag="650"><subfield code="a">Anthropogene Klimaänderung</subfield><subfield code="0">(DE-588)4290733-0</subfield><subfield code="2">gnd</subfield></datafield><datafield ind1=" " ind2="7" tag="650"><subfield code="a">Auswirkung</subfield><subfield code="0">(DE-588)4112646-4</subfield><subfield code="2">gnd</subfield></datafield><datafield ind1=" " ind2="7" tag="650"><subfield code="a">Klimaänderung</subfield><subfield code="0">(DE-588)4164199-1</subfield><subfield code="2">gnd</subfield></datafield><datafield ind1=" " ind2="7" tag="650"><subfield code="a">Environnement</subfield><subfield code="0">(IDREF)027772616</subfield><subfield code="2">idref</subfield></datafield><datafield ind1=" " ind2="7" tag="650"><subfield code="a">Changements climatiques</subfield><subfield code="0">(IDREF)027568490</subfield><subfield code="2">idref</subfield></datafield><datafield ind1=" " ind2="7" tag="650"><subfield code="a">Änderung(allgemein)</subfield><subfield code="9">ger</subfield><subfield code="0">(RERO)jurivoc000001084ger</subfield><subfield code="2">jurivoc</subfield></datafield><datafield ind1=" " ind2="7" tag="650"><subfield code="a">Baute und Anlage</subfield><subfield code="9">ger</subfield><subfield code="0">(RERO)jurivoc000002849ger</subfield><subfield code="2">jurivoc</subfield></datafield><datafield ind1=" " ind2="7" tag="650"><subfield code="a">Energie</subfield><subfield code="9">ger</subfield><subfield code="0">(RERO)jurivoc000006863ger</subfield><subfield code="2">jurivoc</subfield></datafield><datafield ind1=" " ind2="7" tag="650"><subfield code="a">Gesundheitsschaden</subfield><subfield code="9">ger</subfield><subfield code="0">(RERO)jurivoc000009986ger</subfield><subfield code="2">jurivoc</subfield></datafield><datafield ind1=" " ind2="7" tag="650"><subfield code="a">Landwirtschaft</subfield><subfield code="9">ger</subfield><subfield code="0">(RERO)jurivoc000013919ger</subfield><subfield code="2">jurivoc</subfield></datafield><datafield ind1=" " ind2="7" tag="650"><subfield code="a">Tourismus</subfield><subfield code="9">ger</subfield><subfield code="0">(RERO)jurivoc000022572ger</subfield><subfield code="2">jurivoc</subfield></datafield><datafield ind1=" " ind2="7" tag="650"><subfield code="a">Umweltschutz</subfield><subfield code="9">ger</subfield><subfield code="0">(RERO)jurivoc000023392ger</subfield><subfield code="2">jurivoc</subfield></datafield><datafield ind1=" " ind2="7" tag="650"><subfield code="a">Wetter</subfield><subfield code="9">ger</subfield><subfield code="0">(RERO)jurivoc000026459ger</subfield><subfield code="2">jurivoc</subfield></datafield><datafield ind1=" " ind2="7" tag="650"><subfield code="a">Wirtschaft</subfield><subfield code="9">ger</subfield><subfield code="0">(RERO)jurivoc000026671ger</subfield><subfield code="2">jurivoc</subfield></datafield><datafield ind1=" " ind2="7" tag="650"><subfield code="a">Zukunft</subfield><subfield code="9">ger</subfield><subfield code="0">(RERO)jurivoc000027307ger</subfield><subfield code="2">jurivoc</subfield></datafield><datafield ind1=" " ind2="7" tag="651"><subfield code="a">Schweiz</subfield><subfield code="2">idszbz</subfield></datafield><datafield ind1=" " ind2="7" tag="651"><subfield code="a">Schweiz</subfield><subfield code="0">(DE-588)4053881-3</subfield><subfield code="2">gnd</subfield></datafield><datafield ind1=" " ind2="7" tag="651"><subfield code="a">Suisse</subfield><subfield code="0">(IDREF)027249654</subfield><subfield code="2">idref</subfield></datafield><datafield ind1=" " ind2="7" tag="651"><subfield code="a">Schweiz</subfield><subfield code="9">ger</subfield><subfield code="0">(RERO)jurivoc000019912ger</subfield><subfield code="2">jurivoc</subfield></datafield><datafield ind1=" " ind2="7" tag="655"><subfield code="a">Bericht</subfield><subfield code="2">gnd-content</subfield></datafield><datafield ind1=" " ind2=" " tag="690"><subfield code="a">651bc</subfield><subfield code="d">Auswirkungen der Klimaveränderungen</subfield><subfield code="2">uzb-UJ</subfield></datafield><datafield ind1=" " ind2=" " tag="690"><subfield code="a">219-05</subfield><subfield code="d">Schweiz: Luftverschmutzung</subfield><subfield code="2">uzb-UJ</subfield></datafield><datafield ind1=" " ind2=" " tag="690"><subfield code="a">205</subfield><subfield code="d">Schweiz: Klimatologie</subfield><subfield code="2">uzb-UJ</subfield></datafield><datafield ind1=" " ind2=" " tag="690"><subfield code="a">Klima</subfield><subfield code="2">ubs-FC</subfield></datafield><datafield ind1=" " ind2=" " tag="690"><subfield code="a">Einleitung; Bevölkerungsentwicklung; Klimaänderung; Tierhaltung; Produktion; Siedlung; Schweiz; Veränderung; Anbau; Wasserversorgung; Wasserwirtschaft; Auswirkung; Wasserkreislauf; Überschwemmung; Erfahrung; Rationierung; Risiko; Sturm; Beziehung; Management; Nahrungsmittelversorgung; Nutzung</subfield><subfield code="2">idssg-J</subfield></datafield><datafield ind1=" " ind2=" " tag="690"><subfield code="a">Bauwerksentwicklung; Elektrizitätsproduktion; Pflanzenproduktion; Schadenerfahrung; Naturgefahr; Wassernutzung; Lebensraumsicherheit; Ressourcenverfügbarkeit; Schlüsselgrösse; Siedlungswasserwirtschaft; Anbauverfahren; Atemwegserkrankung; Bildnachweis; Extremereignis; Folgerunge; Klimaaspekt; Klimazukunft; Landökosystem; Schadorganismus; Wasserbedarf; Wasserdargebot; Witterungsereignis</subfield><subfield code="2">idssg-J</subfield></datafield><datafield ind1=" " ind2=" " tag="690"><subfield code="a">nationale Nahrungsversorgung; natürliches Angebot; neue Energie; abschließende Bemerkung; einfache Abschätzung; erneuerbare Energie; erwartete Auswirkung; etablierte Elektrizitätsproduktion; extremes Witterungsereignis; globale Nahrungsversorgung; globales Umfeld; inländische Pflanzenproduktion; natürliches Gewässer; schleichende Veränderung; städtische Siedlung; touristisches Angebot; urbane Schweiz; urbanes System; vektorübertragene Krankheit; verstärkte Bewirtschaftung; weiteres Extremereignis; wirtschaftlicher Aspekt</subfield><subfield code="2">idssg-J</subfield></datafield><datafield ind1=" " ind2=" " tag="690"><subfield code="a">Schweiz C4EXSI</subfield><subfield code="2">idssg-J</subfield></datafield><datafield ind1=" " ind2=" " tag="690"><subfield code="a">Klimawandel</subfield><subfield code="2">rzs-LN</subfield></datafield><datafield ind1=" " ind2=" " tag="690"><subfield code="a">Umwelt</subfield><subfield code="2">rzs-LN</subfield></datafield><datafield ind1=" " ind2=" " tag="690"><subfield code="a">Gesellschaft</subfield><subfield code="2">rzs-LN</subfield></datafield><datafield ind1=" " ind2=" " tag="690"><subfield code="a">Wirtschaft</subfield><subfield code="2">rzs-LN</subfield></datafield><datafield ind1="1" ind2=" " tag="700"><subfield code="a">Hohmann, Roland</subfield><subfield code="4">edt</subfield></datafield><datafield ind1="2" ind2=" " tag="710"><subfield code="a">Beratendes Organ für Fragen der Klimaänderung</subfield><subfield code="6">880-01</subfield><subfield code="0">(DE-588)10018017-6</subfield><subfield code="4">isb</subfield></datafield><datafield ind1="2" ind2=" " tag="880"><subfield code="6">710-01/(B</subfield><subfield code="a">Suisse</subfield><subfield code="b">Organe consultatif en matière de recherche sur le climat et les changements climatiques</subfield><subfield code="0">(RERO)A005742026</subfield><subfield code="4">isb</subfield></datafield><datafield ind1="4" ind2=" " tag="856"><subfield code="3">Titelblatt und Inhaltsverzeichnis</subfield><subfield code="u">https://toc.library.ethz.ch/objects/pdf/z01_978-3-907630-26-6_01.pdf</subfield><subfield code="q">pdf</subfield></datafield><datafield ind1=" " ind2=" " tag="900"><subfield code="a">IDSE5E74ANH-2007</subfield></datafield><datafield ind1=" " ind2=" " tag="900"><subfield code="a">IDSE5E57ANH-2007</subfield></datafield><datafield ind1=" " ind2=" " tag="900"><subfield code="a">IDSE5E19ANH-2007</subfield></datafield><datafield ind1=" " ind2=" " tag="900"><subfield code="a">IDSZ2zbzmon200704l</subfield><subfield code="c">IDSZ2leub</subfield><subfield code="d">IDSZ2zbzswk200704b</subfield><subfield code="e">IDSZ2hang</subfield></datafield><datafield ind1=" " ind2=" " tag="900"><subfield code="a">IDSERARTIMP-EXPL</subfield></datafield><datafield ind1=" " ind2=" " tag="949"><subfield code="a">https://toc.library.ethz.ch/objects/pdf/z01_978-3-907630-26-6_01.pdf</subfield></datafield></record>
</metadata></record>