<record><header><identifier>oai:alma.41SLSP_UGE:991000791709705502</identifier><datestamp>2024-09-07T00:12:20Z</datestamp><setSpec>uge_bcen_RapidILL_BOOK</setSpec><setSpec>uge_aaca_RapidILL_BOOK</setSpec><setSpec>uge_abels_RapidILL_BOOK</setSpec><setSpec>uge_dbu_RapidILL_BOOK</setSpec><setSpec>uge_cmu_RapidILL_BOOK</setSpec><setSpec>uge_mail_RapidILL_BOOK</setSpec><setSpec>uge_abbat_RapidILL_BOOK</setSpec><setSpec>UNIGE_ALL</setSpec><setSpec>uge_acar_RapidILL_BOOK</setSpec><setSpec>uge_aobs_RapidILL_BOOK</setSpec></header><metadata>
<record xmlns="http://www.loc.gov/MARC21/slim" xmlns:xsi="http://www.w3.org/2001/XMLSchema-instance" xsi:schemaLocation="http://www.loc.gov/MARC21/slim http://www.loc.gov/standards/marcxml/schema/MARC21slim.xsd"><leader>07762nam a2201021 c 4500</leader><controlfield tag="001">991000791709705502</controlfield><controlfield tag="005">20240905051324.0</controlfield><controlfield tag="008">201011t19991999sz ||||| |||| 00| ||ger d</controlfield><datafield ind1=" " ind2=" " tag="020"><subfield code="a">3725538212</subfield><subfield code="c">Fr. 59.-</subfield></datafield><datafield ind1=" " ind2=" " tag="035"><subfield code="a">(swissbib)227328701-41slsp_network</subfield></datafield><datafield ind1=" " ind2=" " tag="035"><subfield code="a">227328701</subfield><subfield code="9">ExL</subfield></datafield><datafield ind1=" " ind2=" " tag="035"><subfield code="a">(RERO)R242169660-41slsp</subfield></datafield><datafield ind1=" " ind2=" " tag="035"><subfield code="a">(NEBIS)001997219EBI01</subfield></datafield><datafield ind1=" " ind2=" " tag="035"><subfield code="a">(IDSSG)000174788HSB01</subfield></datafield><datafield ind1=" " ind2=" " tag="035"><subfield code="a">(IDSBB)001608468DSV01</subfield></datafield><datafield ind1=" " ind2=" " tag="035"><subfield code="a">(IDSLU)000125704ILU01</subfield></datafield><datafield ind1=" " ind2=" " tag="035"><subfield code="a">(ABN)000291215ABN01</subfield></datafield><datafield ind1=" " ind2=" " tag="035"><subfield code="a">(ALEX)bv80024698</subfield></datafield><datafield ind1=" " ind2=" " tag="035"><subfield code="a">(EXLNZ-41SLSP_NETWORK)991046833319705501</subfield></datafield><datafield ind1=" " ind2=" " tag="040"><subfield code="a">RERO geubfd</subfield><subfield code="d">CH-ZuSLS</subfield></datafield><datafield ind1=" " ind2=" " tag="044"><subfield code="a">sz</subfield><subfield code="c">ch-zh</subfield></datafield><datafield ind1=" " ind2="7" tag="072"><subfield code="a">dr</subfield><subfield code="2">rero</subfield></datafield><datafield ind1=" " ind2="7" tag="072"><subfield code="a">rw</subfield><subfield code="2">SzZuIDS BS/BE</subfield></datafield><datafield ind1=" " ind2="7" tag="072"><subfield code="a">840</subfield><subfield code="2">IDS LU</subfield></datafield><datafield ind1="0" ind2="0" tag="082"><subfield code="a">344.494/0412</subfield><subfield code="2">21</subfield></datafield><datafield ind1="1" ind2="4" tag="082"><subfield code="a">340</subfield><subfield code="2">15</subfield></datafield><datafield ind1=" " ind2=" " tag="084"><subfield code="a">CA/CH 58.1 h</subfield><subfield code="2">cjurrom</subfield></datafield><datafield ind1=" " ind2=" " tag="084"><subfield code="a">PU 2640</subfield><subfield code="2">rvk</subfield></datafield><datafield ind1=" " ind2=" " tag="084"><subfield code="a">PJ 3260</subfield><subfield code="2">rvk</subfield></datafield><datafield ind1=" " ind2=" " tag="084"><subfield code="a">19</subfield><subfield code="2">sdnb</subfield></datafield><datafield ind1=" " ind2=" " tag="084"><subfield code="a">33</subfield><subfield code="2">sdnb</subfield></datafield><datafield ind1=" " ind2=" " tag="084"><subfield code="a">340</subfield><subfield code="2">sdnb</subfield></datafield><datafield ind1=" " ind2=" " tag="084"><subfield code="a">360</subfield><subfield code="2">sdnb</subfield></datafield><datafield ind1="1" ind2=" " tag="100"><subfield code="a">Payllier, Pascal</subfield><subfield code="0">(RERO)A003677020</subfield><subfield code="4">cre</subfield></datafield><datafield ind1="1" ind2="0" tag="245"><subfield code="a">Rechtsprobleme der ärztlichen Aufklärung</subfield><subfield code="b">unter besonderer Berücksichtigung der spitalärztlichen Aufklärung</subfield><subfield code="c">Pascal Payllier</subfield></datafield><datafield ind1=" " ind2="1" tag="264"><subfield code="a">Zürich</subfield><subfield code="b">Schulthess Polygraphischer Verl.</subfield><subfield code="c">[1999]</subfield></datafield><datafield ind1=" " ind2="4" tag="264"><subfield code="c">© 1999</subfield></datafield><datafield ind1=" " ind2=" " tag="300"><subfield code="a">XXIX, 293 S.</subfield><subfield code="c">23 cm</subfield></datafield><datafield ind1=" " ind2=" " tag="336"><subfield code="b">txt</subfield><subfield code="2">rdacontent</subfield></datafield><datafield ind1=" " ind2=" " tag="337"><subfield code="b">n</subfield><subfield code="2">rdamedia</subfield></datafield><datafield ind1=" " ind2=" " tag="338"><subfield code="b">nc</subfield><subfield code="2">rdacarrier</subfield></datafield><datafield ind1="1" ind2=" " tag="490"><subfield code="a">Zürcher Studien zum Privatrecht</subfield><subfield code="v">145</subfield></datafield><datafield ind1=" " ind2=" " tag="500"><subfield code="a">Buchhandelsausg. der Diss. Zürich, 1998</subfield></datafield><datafield ind1=" " ind2=" " tag="500"><subfield code="a">Zugl.: (Zürcher Studien zum Privatrecht ; 145)</subfield></datafield><datafield ind1=" " ind2=" " tag="502"><subfield code="a">Zugl.: Diss. Rechtswiss. Fak. Univ. Zürich, 1998</subfield></datafield><datafield ind1=" " ind2=" " tag="502"><subfield code="a">Diss. Univ. Zürich, 1998. - Ref.: Heinz Rey</subfield></datafield><datafield ind1=" " ind2=" " tag="504"><subfield code="a">Bibliogr.</subfield></datafield><datafield ind1=" " ind2="7" tag="650"><subfield code="a">Auskunftspflicht</subfield><subfield code="9">ger</subfield><subfield code="0">(RERO)jurivoc000002233ger</subfield><subfield code="2">jurivoc</subfield></datafield><datafield ind1=" " ind2="7" tag="650"><subfield code="a">privatrechtliche Haftung</subfield><subfield code="9">ger</subfield><subfield code="0">(RERO)jurivoc000017692ger</subfield><subfield code="2">jurivoc</subfield></datafield><datafield ind1=" " ind2="7" tag="650"><subfield code="a">Haftung aus Öffentlichem Recht</subfield><subfield code="9">ger</subfield><subfield code="0">(RERO)jurivoc000010688ger</subfield><subfield code="2">jurivoc</subfield></datafield><datafield ind1=" " ind2="7" tag="650"><subfield code="a">Arzt</subfield><subfield code="9">ger</subfield><subfield code="0">(RERO)jurivoc000001823ger</subfield><subfield code="2">jurivoc</subfield></datafield><datafield ind1=" " ind2="7" tag="650"><subfield code="a">Spitalarzt</subfield><subfield code="9">ger</subfield><subfield code="0">(RERO)jurivoc000020640ger</subfield><subfield code="2">jurivoc</subfield></datafield><datafield ind1=" " ind2="7" tag="650"><subfield code="a">devoir professionnel</subfield><subfield code="0">(RERO)A009982502</subfield><subfield code="2">rerovoc</subfield></datafield><datafield ind1=" " ind2="7" tag="650"><subfield code="a">Hôpitaux</subfield><subfield code="0">(IDREF)027340740</subfield><subfield code="2">idref</subfield></datafield><datafield ind1=" " ind2="7" tag="650"><subfield code="a">Relations médecin-patient</subfield><subfield code="0">(IDREF)027369072</subfield><subfield code="2">idref</subfield></datafield><datafield ind1=" " ind2="7" tag="650"><subfield code="a">Liberté d'information</subfield><subfield code="0">(IDREF)027615901</subfield><subfield code="2">idref</subfield></datafield><datafield ind1=" " ind2="7" tag="650"><subfield code="a">Ärztliche Aufklärungspflicht</subfield><subfield code="2">idszbz</subfield></datafield><datafield ind1=" " ind2="7" tag="650"><subfield code="a">Recht</subfield><subfield code="2">idszbz</subfield></datafield><datafield ind1=" " ind2="7" tag="650"><subfield code="a">Krankenhausarzt</subfield><subfield code="2">idszbz</subfield></datafield><datafield ind1=" " ind2="0" tag="650"><subfield code="a">Hospitals</subfield><subfield code="x">Law and legislation</subfield><subfield code="z">Switzerland</subfield></datafield><datafield ind1=" " ind2="0" tag="650"><subfield code="a">Informed consent (Medical law)</subfield><subfield code="z">Switzerland</subfield></datafield><datafield ind1=" " ind2="7" tag="650"><subfield code="a">ALLGEMEINE RECHTLICHE ASPEKTE (RECHT)</subfield><subfield code="9">ger</subfield><subfield code="0">(ETHUDK)000051895</subfield><subfield code="2">ethudk</subfield></datafield><datafield ind1=" " ind2="7" tag="650"><subfield code="a">BEZIEHUNGEN DER ÄRZTE ZU PATIENTEN UND KOLLEGEN, MEDIZINISCHE ETHIK</subfield><subfield code="9">ger</subfield><subfield code="0">(ETHUDK)000026474</subfield><subfield code="2">ethudk</subfield></datafield><datafield ind1=" " ind2="7" tag="650"><subfield code="a">DEONTOLOGIE DER ÄRZTE, RECHTE UND PFLICHTEN DER ÄRZTE (GESUNDHEITSWESEN)</subfield><subfield code="9">ger</subfield><subfield code="0">(ETHUDK)000026473</subfield><subfield code="2">ethudk</subfield></datafield><datafield ind1=" " ind2="7" tag="650"><subfield code="a">SPITÄLER (GESUNDHEITSWESEN)</subfield><subfield code="9">ger</subfield><subfield code="0">(ETHUDK)000011896</subfield><subfield code="2">ethudk</subfield></datafield><datafield ind1=" " ind2="7" tag="650"><subfield code="a">Ärztliche Aufklärungspflicht</subfield><subfield code="0">(DE-588)4000604-9</subfield><subfield code="2">gnd</subfield></datafield><datafield ind1=" " ind2="7" tag="650"><subfield code="a">Ärztliche Aufklärungspflicht</subfield><subfield code="z">Schweiz</subfield><subfield code="2">idsbb</subfield></datafield><datafield ind1=" " ind2="7" tag="651"><subfield code="a">Schweiz</subfield><subfield code="9">ger</subfield><subfield code="0">(RERO)jurivoc000019912ger</subfield><subfield code="2">jurivoc</subfield></datafield><datafield ind1=" " ind2="7" tag="651"><subfield code="a">Suisse</subfield><subfield code="0">(IDREF)027249654</subfield><subfield code="2">idref</subfield></datafield><datafield ind1=" " ind2="7" tag="651"><subfield code="a">Schweiz</subfield><subfield code="2">idszbz</subfield></datafield><datafield ind1=" " ind2="7" tag="651"><subfield code="a">Schweiz</subfield><subfield code="0">(DE-588)4053881-3</subfield><subfield code="2">gnd</subfield></datafield><datafield ind1=" " ind2="7" tag="655"><subfield code="a">Hochschulschrift</subfield><subfield code="2">gnd-content</subfield></datafield><datafield ind1=" " ind2=" " tag="690"><subfield code="a">Aufklärung; Datenschutz; Beweissicherung; Haftfestigkeit; Vertrag; Ärzte; Grundrecht; Gesetz; Sanktion; Schuldrecht; Patient; Krankenhaus; Regelung; Einwilligung; Lehre; Umfang; Körperverletzung</subfield><subfield code="2">idssg-J</subfield></datafield><datafield ind1=" " ind2=" " tag="690"><subfield code="a">Persönlichkeitsschutz; Spitalvertrag; Risikoaufklärung; Selbstbestimmungsaufklärung; Sonderregelung; Arztvertrag; Eingriffsaufklärung; Honoraranspruch; Problemeinführung; Saufklärung; Selbstbestimmungsrecht; Sicherungsaufklärung; Verlaufsaufklärung; Haftungsgesetz; Leitgedanke; Operationserweiterung; Schlussbemerkung; Weisungsrecht; Chefarzt; Konsiliararzt; Privatspital; Vertragsverletzung; Aufklärungsbedürftigkeit; Aufklärungsumfang; Drittwirkung; Kausalzusammenhang; Rechtswidrigkeitszusammenhang; Risikohäufigkeit; Teilrechtswidrigkeit; Aufklärungsadressat; Aufklärungsmangel; Aufklärungsmittel; Aufklärungspflicht; Aufklärungszeitpunkt; Defensivmedizin; Heileingriff; Instruktionspflicht; Notfall; Rechenschaftspflicht; Rechtsgut; Rechtsnatur; Rechtsproblem; Sanktionensystem; Schadensbegriff; Schlussbetrachtung; Spitalträger; Spitalträgerschaft; Spitaltätigkeit; Stellungnahme; Tatbestandsproblem; Treuepflicht</subfield><subfield code="2">idssg-J</subfield></datafield><datafield ind1=" " ind2=" " tag="690"><subfield code="a">allgemeine Treuepflicht; fehlende Aufklärung; aargauisch Verant; allgemeine Problematik; alternative Behandlungsmöglichkeit; andere Ansicht; anerkannte Theorie; arztvertragliche Aufklärungspflicht; auftragsrechtliche Treuepflicht; ausservertragliche Haftung; behandelnder Arzt; berechtigtes Interesse; besondere Berücksichtigung; besondere Problematik; deliktsrechtliche Grundlage; eigene Meinung; eigene Stellungnahme; einzelnes Element; erforderliche Maßnahme; fehlerhafte Aufklärung; freipraktizierender Arzt; geschütztes Rechtsgut; gespaltener Spitalvertrag; hypothetische Einwilligung; individueller Patient; interner Persönlichkeitsschutz; juristische Sicht; kritische Würdigung; körperliche Integrität; maßgebliche Norm; medizinische Praxis; mögliche Sonderregelung; persönliche Freiheit; polygrafisch AG; praktische Durchführung; private Spitalträgerschaft; privatrechtliche Haftung; privatrechtlicher Persönlichkeitsschutz; privatrechtliche Spitalträgerschaft; privatrechtliche Trägerschaft; prozentuale Risikohäufigkeit; rechtliche Grundlage; rechtswissenschaftliche Fakultät; schweizerische Rechtsprechung; spitalärztliche Aufklärung; therapeutisches Privileg; totaler Spitalvertrag; verfassungsmäßiges Grundrecht; verschiedener Faktor; verschiedenes Konzept; vertragliche Grundlage; vertragliche Haftung; vertragsrechtliche Grundlage; wahres Interesse; weiterer Faktor; zürcherisches Haftungsgesetz; ärztliche Aufgabe; ärztliche Aufklärungspflicht; ärztliche Spitaltätigkeit; öffentlich-rechtliche Grundlage; öffentlich-rechtliche Haftung; öffentlich-rechtliches Spital; öffentlich-rechtliche Spitalträgerschaft; öffentliches Spital; öffentlicher Spitalträger; öffentlichrechtlicher Persönlichkeitsschutz; überwiegendeöffentliches Interesse</subfield><subfield code="2">idssg-J</subfield></datafield><datafield ind1=" " ind2=" " tag="690"><subfield code="a">Schweiz C4EXSI; China C9CHIN; Deutschland C4EUGE; Vereinigte Staaten C1USA; Iran C7IRAN</subfield><subfield code="2">idssg-J</subfield></datafield><datafield ind1=" " ind2=" " tag="690"><subfield code="a">Art Weise; B. Problemanalyse; B. Schlussthesen; B. Sicherungsaufklärung; berechtigt Interessen Dritter; C. Ausblick; C. Beweisfragen; C. Eingriffs-; D. Begrenzung; D. Rechtsverhältnis; D. Sonderfragen; Heinz Rey Schulthess; John F. Kennedy; Kanton Zürich Aargau; Le Landeron; Lehre Rechtsprechung Deutschland; Prof. Dr. Heinz Rey Schulthess Polygraphischer</subfield><subfield code="2">idssg-J</subfield></datafield><datafield ind1=" " ind2=" " tag="690"><subfield code="a">Arzthaftungsrecht, B: Aufklärungspflicht</subfield><subfield code="2">rzs-L1</subfield></datafield><datafield ind1=" " ind2=" " tag="690"><subfield code="a">Arzt, B: Haftung: Aufklärungspflicht</subfield><subfield code="2">rzs-L1</subfield></datafield><datafield ind1=" " ind2=" " tag="690"><subfield code="a">Haftpflicht, B: Arzthaftungsrecht: Aufklärungspflicht</subfield><subfield code="2">rzs-L1</subfield></datafield><datafield ind1=" " ind2=" " tag="690"><subfield code="a">Arztrecht, B: Aufklärungspflicht</subfield><subfield code="2">rzs-L1</subfield></datafield><datafield ind1=" " ind2=" " tag="690"><subfield code="a">Spitalarzt, B: Aufklärungspflicht: Recht. Schweiz</subfield><subfield code="2">rzs-L1</subfield></datafield><datafield ind1=" " ind2=" " tag="691"><subfield code="e">PC 58.1 CH</subfield><subfield code="2">rzs-L1</subfield></datafield><datafield ind1="1" ind2=" " tag="700"><subfield code="a">Rey, Heinz</subfield><subfield code="d">1943-</subfield><subfield code="0">(DE-588)124734383</subfield><subfield code="4">dgs</subfield></datafield><datafield ind1="2" ind2=" " tag="810"><subfield code="a">Universität Zürich</subfield><subfield code="b">Rechtswissenschaftliche Fakultät</subfield><subfield code="t">Zürcher Studien zum Privatrecht</subfield><subfield code="v">145</subfield><subfield code="w">(NEBIS)000989713EBI01</subfield></datafield><datafield ind1="4" ind2=" " tag="856"><subfield code="u">https://tools.unisg.ch/url/hm00011868</subfield><subfield code="z">Inhaltsverzeichnis</subfield></datafield><datafield ind1=" " ind2=" " tag="900"><subfield code="a">IDSZ1ZH</subfield></datafield><datafield ind1=" " ind2=" " tag="900"><subfield code="a">IDSZ2rwimon200710l</subfield><subfield code="c">IDSZ2galg</subfield></datafield><datafield ind1=" " ind2=" " tag="949"><subfield code="a">https://tools.unisg.ch/url/hm00011868</subfield></datafield></record>
</metadata></record>