<record><header><identifier>oai:alma.41SLSP_UGE:991000791499705502</identifier><datestamp>2023-04-08T00:14:45Z</datestamp><setSpec>uge_bcen_RapidILL_BOOK</setSpec><setSpec>uge_aaca_RapidILL_BOOK</setSpec><setSpec>uge_abels_RapidILL_BOOK</setSpec><setSpec>uge_dbu_RapidILL_BOOK</setSpec><setSpec>uge_cmu_RapidILL_BOOK</setSpec><setSpec>uge_mail_RapidILL_BOOK</setSpec><setSpec>uge_abbat_RapidILL_BOOK</setSpec><setSpec>UNIGE_ALL</setSpec><setSpec>uge_acar_RapidILL_BOOK</setSpec><setSpec>uge_aobs_RapidILL_BOOK</setSpec></header><metadata>
<record xmlns="http://www.loc.gov/MARC21/slim" xmlns:xsi="http://www.w3.org/2001/XMLSchema-instance" xsi:schemaLocation="http://www.loc.gov/MARC21/slim http://www.loc.gov/standards/marcxml/schema/MARC21slim.xsd"><leader>01697nam a2200469 c 4500</leader><controlfield tag="001">991000791499705502</controlfield><controlfield tag="005">20230407062059.0</controlfield><controlfield tag="008">201011s1991    it ||||| |||| 00| ||ita d</controlfield><datafield ind1=" " ind2=" " tag="020"><subfield code="a">8884020611</subfield></datafield><datafield ind1=" " ind2=" " tag="035"><subfield code="a">(swissbib)22930950X-41slsp_network</subfield></datafield><datafield ind1=" " ind2=" " tag="035"><subfield code="a">22930950X</subfield><subfield code="9">ExL</subfield></datafield><datafield ind1=" " ind2=" " tag="035"><subfield code="a">(RERO)1458763-41slsp</subfield></datafield><datafield ind1=" " ind2=" " tag="035"><subfield code="a">(IDSBB)000832184DSV01</subfield></datafield><datafield ind1=" " ind2=" " tag="035"><subfield code="a">(NEBIS)001186697EBI01</subfield></datafield><datafield ind1=" " ind2=" " tag="035"><subfield code="a">(EXLNZ-41SLSP_NETWORK)991015579659705501</subfield></datafield><datafield ind1=" " ind2=" " tag="040"><subfield code="a">RERO tibc--</subfield><subfield code="d">CH-ZuSLS</subfield></datafield><datafield ind1=" " ind2="7" tag="072"><subfield code="a">it</subfield><subfield code="2">rero</subfield></datafield><datafield ind1=" " ind2="7" tag="072"><subfield code="a">it</subfield><subfield code="2">SzZuIDS BS/BE</subfield></datafield><datafield ind1="0" ind2="4" tag="082"><subfield code="a">850.6</subfield><subfield code="b">GAL</subfield></datafield><datafield ind1="1" ind2="4" tag="082"><subfield code="a">858.609</subfield><subfield code="2">22</subfield></datafield><datafield ind1="1" ind2="4" tag="082"><subfield code="a">858.6</subfield><subfield code="2">21</subfield></datafield><datafield ind1=" " ind2=" " tag="084"><subfield code="a">IU 9170</subfield><subfield code="2">rvk</subfield></datafield><datafield ind1="1" ind2=" " tag="100"><subfield code="6">880-01</subfield><subfield code="a">Galiani, Ferdinando</subfield><subfield code="d">1728-1787</subfield><subfield code="0">(IDREF)032100094</subfield><subfield code="4">cre</subfield></datafield><datafield ind1="1" ind2=" " tag="880"><subfield code="a">Galiani, Ferdinando</subfield><subfield code="d">1728-1787</subfield><subfield code="0">(DE-588)118689258</subfield><subfield code="6">100-01</subfield></datafield><datafield ind1="1" ind2="0" tag="245"><subfield code="a">Sentenze e motti di spirito</subfield><subfield code="c">Ferdinando Galiani ; a cura di Marco Catucci</subfield></datafield><datafield ind1=" " ind2="1" tag="264"><subfield code="a">Roma</subfield><subfield code="b">Salerno Editrice</subfield><subfield code="c">1991</subfield></datafield><datafield ind1=" " ind2=" " tag="300"><subfield code="a">165 p.</subfield><subfield code="c">17 cm</subfield></datafield><datafield ind1=" " ind2=" " tag="336"><subfield code="b">txt</subfield><subfield code="2">rdacontent</subfield></datafield><datafield ind1=" " ind2=" " tag="337"><subfield code="b">n</subfield><subfield code="2">rdamedia</subfield></datafield><datafield ind1=" " ind2=" " tag="338"><subfield code="b">nc</subfield><subfield code="2">rdacarrier</subfield></datafield><datafield ind1="1" ind2=" " tag="490"><subfield code="a">Minima</subfield><subfield code="v">15</subfield></datafield><datafield ind1="1" ind2="7" tag="600"><subfield code="a">Epinay, Louise Florence Pétronille Tardieu D'Esclavelles &lt;&lt;d'&gt;&gt;</subfield><subfield code="d">1726-1783</subfield><subfield code="0">(DE-588)118685015</subfield><subfield code="2">gnd</subfield></datafield><datafield ind1="1" ind2="7" tag="600"><subfield code="a">Galiani, Ferdinando</subfield><subfield code="d">1728-1787</subfield><subfield code="0">(DE-588)118689258</subfield><subfield code="2">gnd</subfield></datafield><datafield ind1="1" ind2="0" tag="600"><subfield code="a">Galiani, Ferdinando</subfield><subfield code="d">1728-1787</subfield></datafield><datafield ind1=" " ind2="7" tag="650"><subfield code="a">Anekdote</subfield><subfield code="2">idszbz</subfield></datafield><datafield ind1=" " ind2="7" tag="650"><subfield code="a">Denkspruch</subfield><subfield code="2">idszbz</subfield></datafield><datafield ind1=" " ind2="7" tag="650"><subfield code="a">Italienisch</subfield><subfield code="2">idszbz</subfield></datafield><datafield ind1=" " ind2="7" tag="655"><subfield code="a">Ausgabe</subfield><subfield code="2">idszbz</subfield></datafield><datafield ind1="1" ind2=" " tag="700"><subfield code="a">Catucci, Marco</subfield><subfield code="d">1956-....</subfield><subfield code="0">(IDREF)028800672</subfield></datafield><datafield ind1="4" ind2=" " tag="856"><subfield code="3">Inhaltsverzeichnis</subfield><subfield code="u">http://www.ub.unibas.ch/tox/HBZ/HT004034572/PDF</subfield><subfield code="q">pdf</subfield></datafield><datafield ind1=" " ind2="0" tag="830"><subfield code="a">Minima</subfield><subfield code="p">Salerno</subfield><subfield code="v">15</subfield><subfield code="w">(IDSBB)000768648DSV01</subfield></datafield><datafield ind1=" " ind2="0" tag="830"><subfield code="a">&quot;Minima&quot;</subfield><subfield code="v">15</subfield><subfield code="w">(NEBIS)000950919EBI01</subfield></datafield><datafield ind1=" " ind2=" " tag="949"><subfield code="a">http://www.ub.unibas.ch/tox/HBZ/HT004034572/PDF</subfield></datafield><datafield ind1=" " ind2=" " tag="993"><subfield code="a">BFLA 62216</subfield><subfield code="x">ge/ulit/a/93/199</subfield><subfield code="9">LOCAL</subfield></datafield></record>
</metadata></record>