<record><header><identifier>oai:alma.41SLSP_UGE:991000791999705502</identifier><datestamp>2023-04-08T00:19:47Z</datestamp><setSpec>uge_bcen_RapidILL_BOOK</setSpec><setSpec>uge_aaca_RapidILL_BOOK</setSpec><setSpec>uge_abels_RapidILL_BOOK</setSpec><setSpec>uge_dbu_RapidILL_BOOK</setSpec><setSpec>uge_cmu_RapidILL_BOOK</setSpec><setSpec>uge_mail_RapidILL_BOOK</setSpec><setSpec>uge_abbat_RapidILL_BOOK</setSpec><setSpec>UNIGE_ALL</setSpec><setSpec>uge_acar_RapidILL_BOOK</setSpec><setSpec>uge_aobs_RapidILL_BOOK</setSpec></header><metadata>
<record xmlns="http://www.loc.gov/MARC21/slim" xmlns:xsi="http://www.w3.org/2001/XMLSchema-instance" xsi:schemaLocation="http://www.loc.gov/MARC21/slim http://www.loc.gov/standards/marcxml/schema/MARC21slim.xsd"><leader>01526nam a2200337 c 4500</leader><controlfield tag="001">991000791999705502</controlfield><controlfield tag="005">20230407211022.0</controlfield><controlfield tag="008">910314s1978    xxu||||| |||| 10| ||eng d</controlfield><datafield ind1=" " ind2=" " tag="035"><subfield code="a">(swissbib)085404489-41slsp_network</subfield></datafield><datafield ind1=" " ind2=" " tag="035"><subfield code="a">085404489</subfield><subfield code="9">ExL</subfield></datafield><datafield ind1=" " ind2=" " tag="035"><subfield code="a">(RERO)1353983-41slsp</subfield></datafield><datafield ind1=" " ind2=" " tag="035"><subfield code="a">(EXLNZ-41SLSP_NETWORK)991105538079705501</subfield></datafield><datafield ind1=" " ind2=" " tag="040"><subfield code="a">RERO geussc</subfield><subfield code="d">CH-ZuSLS</subfield></datafield><datafield ind1=" " ind2="7" tag="072"><subfield code="a">in</subfield><subfield code="2">rero</subfield></datafield><datafield ind1=" " ind2="7" tag="072"><subfield code="a">ch</subfield><subfield code="2">rero</subfield></datafield><datafield ind1="0" ind2="0" tag="245"><subfield code="a">Proceedings of the Symposium on High Temperature Metal Halide Chemistry [held at the October 1977 meeting of the Electrochemical Society in Atlanta, Georgia]</subfield><subfield code="c">The Electrochemical Society, Electrothermics and Metallurgy Division ; ed. by D.L. Hildenbrand, D.D. Cubicciotti</subfield></datafield><datafield ind1=" " ind2="1" tag="264"><subfield code="a">Princeton N.J.</subfield><subfield code="b">Electrochemical Society</subfield><subfield code="c">[1978]</subfield></datafield><datafield ind1=" " ind2="4" tag="264"><subfield code="c">© 1978</subfield></datafield><datafield ind1=" " ind2=" " tag="300"><subfield code="a">IX, 678 p.</subfield><subfield code="b">ill.</subfield><subfield code="c">23 cm</subfield></datafield><datafield ind1=" " ind2=" " tag="336"><subfield code="b">txt</subfield><subfield code="2">rdacontent</subfield></datafield><datafield ind1=" " ind2=" " tag="337"><subfield code="b">n</subfield><subfield code="2">rdamedia</subfield></datafield><datafield ind1=" " ind2=" " tag="338"><subfield code="b">nc</subfield><subfield code="2">rdacarrier</subfield></datafield><datafield ind1="1" ind2=" " tag="490"><subfield code="a">Proceedings / The Electrochemical Society</subfield><subfield code="v">vol. 78-1</subfield></datafield><datafield ind1=" " ind2="7" tag="650"><subfield code="a">Hautes températures</subfield><subfield code="0">(IDREF)027878406</subfield><subfield code="2">idref</subfield></datafield><datafield ind1=" " ind2="7" tag="650"><subfield code="a">métal</subfield><subfield code="0">(RERO)A010009003</subfield><subfield code="2">rerovoc</subfield></datafield><datafield ind1=" " ind2="7" tag="650"><subfield code="a">Halogénures</subfield><subfield code="0">(IDREF)029626536</subfield><subfield code="2">idref</subfield></datafield><datafield ind1=" " ind2="7" tag="655"><subfield code="a">Actes de congrès</subfield><subfield code="0">(IDREF)02886431X</subfield><subfield code="2">idref</subfield></datafield><datafield ind1="1" ind2=" " tag="700"><subfield code="a">Hildenbrand, D.L</subfield><subfield code="0">(RERO)A003371365</subfield></datafield><datafield ind1="2" ind2=" " tag="710"><subfield code="a">Electrochemical society</subfield><subfield code="g">Etats-Unis</subfield><subfield code="b">Electrothermics and metallurgy division</subfield><subfield code="0">(IDREF)076500934</subfield></datafield><datafield ind1="2" ind2=" " tag="711"><subfield code="a">Symposium on High Temperature Metal Halide Chemistry</subfield><subfield code="d">1977</subfield><subfield code="c">Atlanta</subfield><subfield code="0">(RERO)A012369491</subfield></datafield><datafield ind1=" " ind2=" " tag="830"><subfield code="a">Proceedings / Electrochemical Society</subfield><subfield code="v">78/1</subfield><subfield code="w">(RERO)1353900-41slsp</subfield></datafield><datafield ind1=" " ind2=" " tag="900"><subfield code="a">REROnoselfmerge</subfield></datafield></record>
</metadata></record>