<record><header><identifier>oai:alma.41SLSP_UGE:991000791489705502</identifier><datestamp>2023-03-16T01:09:58Z</datestamp><setSpec>uge_bcen_RapidILL_BOOK</setSpec><setSpec>uge_aaca_RapidILL_BOOK</setSpec><setSpec>uge_abels_RapidILL_BOOK</setSpec><setSpec>uge_dbu_RapidILL_BOOK</setSpec><setSpec>uge_cmu_RapidILL_BOOK</setSpec><setSpec>uge_mail_RapidILL_BOOK</setSpec><setSpec>uge_abbat_RapidILL_BOOK</setSpec><setSpec>UNIGE_ALL</setSpec><setSpec>uge_acar_RapidILL_BOOK</setSpec><setSpec>uge_aobs_RapidILL_BOOK</setSpec></header><metadata>
<record xmlns="http://www.loc.gov/MARC21/slim" xmlns:xsi="http://www.w3.org/2001/XMLSchema-instance" xsi:schemaLocation="http://www.loc.gov/MARC21/slim http://www.loc.gov/standards/marcxml/schema/MARC21slim.xsd"><leader>01341nam a2200373 c 4500</leader><controlfield tag="001">991000791489705502</controlfield><controlfield tag="005">20230315210732.0</controlfield><controlfield tag="008">191015r20191969xxk           000 0 eng d</controlfield><datafield ind1=" " ind2=" " tag="020"><subfield code="a">0367221063</subfield></datafield><datafield ind1=" " ind2=" " tag="020"><subfield code="a">9780367221065</subfield><subfield code="q">vol. 3</subfield><subfield code="q">hbk</subfield></datafield><datafield ind1=" " ind2=" " tag="035"><subfield code="a">(swissbib)126021872-41slsp_network</subfield></datafield><datafield ind1=" " ind2=" " tag="035"><subfield code="a">126021872</subfield><subfield code="9">ExL</subfield></datafield><datafield ind1=" " ind2=" " tag="035"><subfield code="a">(RERO)R008975292-41slsp</subfield></datafield><datafield ind1=" " ind2=" " tag="035"><subfield code="a">(EXLNZ-41SLSP_NETWORK)991142810489705501</subfield></datafield><datafield ind1=" " ind2=" " tag="040"><subfield code="a">YDX</subfield><subfield code="b">eng</subfield><subfield code="d">CH-ZuSLS</subfield></datafield><datafield ind1=" " ind2="7" tag="072"><subfield code="a">st</subfield><subfield code="2">rero</subfield></datafield><datafield ind1="0" ind2="4" tag="082"><subfield code="a">551.48</subfield><subfield code="2">23</subfield></datafield><datafield ind1="0" ind2="0" tag="245"><subfield code="a">Introduction to fluvial processes</subfield><subfield code="c">ed. by Richard J. Chorley ; contrib. M.A. Carson ... ...</subfield></datafield><datafield ind1=" " ind2="1" tag="264"><subfield code="a">Abingdon</subfield><subfield code="b">Routledge</subfield><subfield code="c">2019</subfield></datafield><datafield ind1=" " ind2=" " tag="300"><subfield code="a">218 p.</subfield><subfield code="b">ill.</subfield><subfield code="c">24 cm</subfield></datafield><datafield ind1=" " ind2=" " tag="336"><subfield code="b">txt</subfield><subfield code="2">rdacontent</subfield></datafield><datafield ind1=" " ind2=" " tag="337"><subfield code="b">n</subfield><subfield code="2">rdamedia</subfield></datafield><datafield ind1=" " ind2=" " tag="338"><subfield code="b">nc</subfield><subfield code="2">rdacarrier</subfield></datafield><datafield ind1="1" ind2=" " tag="490"><subfield code="a">Collected works of Richard J. Chorley</subfield><subfield code="v">vol. 3</subfield></datafield><datafield ind1=" " ind2=" " tag="534"><subfield code="p">Reprod. de l'éd. de :</subfield><subfield code="c">Bungay : Methuen &amp; Co. Ltd, 1969</subfield></datafield><datafield ind1=" " ind2="0" tag="650"><subfield code="a">Erosion</subfield></datafield><datafield ind1=" " ind2="0" tag="650"><subfield code="a">Geomorphology</subfield></datafield><datafield ind1=" " ind2="0" tag="650"><subfield code="a">Hydrology</subfield></datafield><datafield ind1=" " ind2="7" tag="650"><subfield code="a">Érosion</subfield><subfield code="0">(IDREF)027388514</subfield><subfield code="2">idref</subfield></datafield><datafield ind1=" " ind2="7" tag="650"><subfield code="a">Géomorphologie</subfield><subfield code="0">(IDREF)027228029</subfield><subfield code="2">idref</subfield></datafield><datafield ind1=" " ind2="7" tag="650"><subfield code="a">Hydrologie</subfield><subfield code="0">(IDREF)027484629</subfield><subfield code="2">idref</subfield></datafield><datafield ind1="1" ind2=" " tag="700"><subfield code="a">Chorley, Richard John</subfield><subfield code="d">1927-2002</subfield><subfield code="0">(IDREF)026788071</subfield><subfield code="4">edt</subfield></datafield><datafield ind1=" " ind2=" " tag="830"><subfield code="a">Collected works of Richard J. Chorley</subfield><subfield code="v">3</subfield><subfield code="w">(RERO)R008986300-41slsp</subfield></datafield><datafield ind1=" " ind2=" " tag="900"><subfield code="a">REROnoselfmerge</subfield></datafield><datafield ind1=" " ind2=" " tag="910"><subfield code="a">OCoLC</subfield><subfield code="b">20191015</subfield><subfield code="c">Réutilisation sous conditions: Licence ODC-BY</subfield></datafield></record>
</metadata></record>