<record><header><identifier>oai:alma.41SLSP_UGE:991000791279705502</identifier><datestamp>2023-03-01T01:09:59Z</datestamp><setSpec>uge_bcen_RapidILL_BOOK</setSpec><setSpec>uge_aaca_RapidILL_BOOK</setSpec><setSpec>uge_abels_RapidILL_BOOK</setSpec><setSpec>uge_dbu_RapidILL_BOOK</setSpec><setSpec>uge_cmu_RapidILL_BOOK</setSpec><setSpec>uge_mail_RapidILL_BOOK</setSpec><setSpec>UNIGE_ALL</setSpec><setSpec>uge_abbat_RapidILL_BOOK</setSpec><setSpec>uge_aobs_RapidILL_BOOK</setSpec><setSpec>uge_acar_RapidILL_BOOK</setSpec></header><metadata>
<record xmlns="http://www.loc.gov/MARC21/slim" xmlns:xsi="http://www.w3.org/2001/XMLSchema-instance" xsi:schemaLocation="http://www.loc.gov/MARC21/slim http://www.loc.gov/standards/marcxml/schema/MARC21slim.xsd"><leader>02618nam a2200697 c 4500</leader><controlfield tag="001">991000791279705502</controlfield><controlfield tag="005">20201230230140.0</controlfield><controlfield tag="008">201011s2000    fr ||||| |||| 00| ||fre d</controlfield><datafield ind1=" " ind2=" " tag="020"><subfield code="a">2745303120</subfield></datafield><datafield ind1=" " ind2=" " tag="035"><subfield code="a">(swissbib)226598039-41slsp_network</subfield></datafield><datafield ind1=" " ind2=" " tag="035"><subfield code="a">226598039</subfield><subfield code="9">ExL</subfield></datafield><datafield ind1=" " ind2=" " tag="035"><subfield code="a">(RERO)R276825060-41slsp</subfield></datafield><datafield ind1=" " ind2=" " tag="035"><subfield code="a">(NEBIS)004150212EBI01</subfield></datafield><datafield ind1=" " ind2=" " tag="035"><subfield code="a">(IDSBB)002419345DSV01</subfield></datafield><datafield ind1=" " ind2=" " tag="035"><subfield code="a">(EXLNZ-41SLSP_NETWORK)991095490279705501</subfield></datafield><datafield ind1=" " ind2=" " tag="040"><subfield code="a">RERO gevbpu</subfield><subfield code="d">CH-ZuSLS</subfield></datafield><datafield ind1=" " ind2=" " tag="044"><subfield code="a">sz</subfield><subfield code="c">ch-ge</subfield></datafield><datafield ind1=" " ind2="7" tag="072"><subfield code="a">fr</subfield><subfield code="2">rero</subfield></datafield><datafield ind1=" " ind2="7" tag="072"><subfield code="a">fl</subfield><subfield code="2">SzZuIDS BS/BE</subfield></datafield><datafield ind1="0" ind2="4" tag="082"><subfield code="a">840.900 912</subfield><subfield code="2">21</subfield></datafield><datafield ind1="0" ind2="4" tag="082"><subfield code="a">843.9</subfield><subfield code="2">21</subfield></datafield><datafield ind1="0" ind2="4" tag="082"><subfield code="a">843.912</subfield></datafield><datafield ind1="1" ind2="4" tag="082"><subfield code="a">840</subfield><subfield code="2">15</subfield></datafield><datafield ind1=" " ind2=" " tag="084"><subfield code="a">IH 74361</subfield><subfield code="2">rvk</subfield></datafield><datafield ind1="1" ind2=" " tag="100"><subfield code="a">Bouillaguet, Annick</subfield><subfield code="d">1943-....</subfield><subfield code="0">(IDREF)03019539X</subfield><subfield code="4">cre</subfield></datafield><datafield ind1="1" ind2="0" tag="245"><subfield code="a">Proust lecteur de Balzac et de Flaubert</subfield><subfield code="b">l'imitation cryptée</subfield><subfield code="c">Annick Bouillaguet</subfield></datafield><datafield ind1=" " ind2="1" tag="264"><subfield code="a">Paris</subfield><subfield code="b">H. Champion</subfield><subfield code="a">Genève</subfield><subfield code="b">Diff. Slatkine</subfield><subfield code="c">2000</subfield></datafield><datafield ind1=" " ind2=" " tag="300"><subfield code="a">238 S.</subfield><subfield code="b">Ill.</subfield></datafield><datafield ind1=" " ind2=" " tag="336"><subfield code="b">txt</subfield><subfield code="2">rdacontent</subfield></datafield><datafield ind1=" " ind2=" " tag="337"><subfield code="b">n</subfield><subfield code="2">rdamedia</subfield></datafield><datafield ind1=" " ind2=" " tag="338"><subfield code="b">nc</subfield><subfield code="2">rdacarrier</subfield></datafield><datafield ind1="1" ind2=" " tag="490"><subfield code="a">Littérature de notre siècle</subfield><subfield code="v">15</subfield></datafield><datafield ind1="1" ind2="7" tag="600"><subfield code="a">Balzac, Honoré de</subfield><subfield code="d">1799-1850</subfield><subfield code="0">(IDREF)02670305X</subfield><subfield code="2">idref</subfield></datafield><datafield ind1="1" ind2="7" tag="600"><subfield code="a">Proust, Marcel</subfield><subfield code="d">1871-1922</subfield><subfield code="0">(IDREF)084137401</subfield><subfield code="2">idref</subfield></datafield><datafield ind1="1" ind2="7" tag="600"><subfield code="a">Flaubert, Gustave</subfield><subfield code="d">1821-1880</subfield><subfield code="0">(IDREF)026866552</subfield><subfield code="2">idref</subfield></datafield><datafield ind1="1" ind2="7" tag="600"><subfield code="a">Balzac, Honoré de</subfield><subfield code="2">idszbz</subfield></datafield><datafield ind1="1" ind2="7" tag="600"><subfield code="a">Flaubert, Gustave</subfield><subfield code="2">idszbz</subfield></datafield><datafield ind1="1" ind2="7" tag="600"><subfield code="a">Proust, Marcel</subfield><subfield code="2">idszbz</subfield></datafield><datafield ind1="1" ind2="7" tag="600"><subfield code="a">Balzac, Honoré &lt;&lt;de&gt;&gt;</subfield><subfield code="d">1799-1850</subfield><subfield code="0">(DE-588)118506358</subfield><subfield code="2">gnd</subfield></datafield><datafield ind1="1" ind2="7" tag="600"><subfield code="a">Flaubert, Gustave</subfield><subfield code="d">1821-1880</subfield><subfield code="0">(DE-588)118533754</subfield><subfield code="2">gnd</subfield></datafield><datafield ind1="1" ind2="7" tag="600"><subfield code="a">Proust, Marcel</subfield><subfield code="d">1871-1922</subfield><subfield code="0">(DE-588)118596799</subfield><subfield code="2">gnd</subfield></datafield><datafield ind1="1" ind2="0" tag="600"><subfield code="a">Balzac, Honoré de</subfield><subfield code="d">1799-1850</subfield></datafield><datafield ind1="1" ind2="0" tag="600"><subfield code="a">Balzac, Honoré de</subfield><subfield code="d">1799-1850</subfield><subfield code="x">Influence</subfield></datafield><datafield ind1="1" ind2="0" tag="600"><subfield code="a">Flaubert, Gustave</subfield><subfield code="d">1821-1880</subfield></datafield><datafield ind1="1" ind2="0" tag="600"><subfield code="a">Flaubert, Gustave</subfield><subfield code="d">1821-1880</subfield><subfield code="x">Influence</subfield></datafield><datafield ind1="1" ind2="0" tag="600"><subfield code="a">Proust, Marcel</subfield><subfield code="d">1871-1922</subfield><subfield code="x">Criticism and interpretation</subfield></datafield><datafield ind1="1" ind2="7" tag="600"><subfield code="a">Balzac, Honoré de</subfield><subfield code="x">Rezeption</subfield><subfield code="2">idsbb</subfield></datafield><datafield ind1="1" ind2="7" tag="600"><subfield code="a">Flaubert, Gustave</subfield><subfield code="x">Rezeption</subfield><subfield code="2">idsbb</subfield></datafield><datafield ind1="1" ind2="7" tag="600"><subfield code="a">Proust, Marcel</subfield><subfield code="x">Quellen und Vorbilder</subfield><subfield code="2">idsbb</subfield></datafield><datafield ind1=" " ind2="7" tag="650"><subfield code="a">Rezeption</subfield><subfield code="2">idszbz</subfield></datafield><datafield ind1=" " ind2=" " tag="690"><subfield code="a">Flaubert, Gustave</subfield><subfield code="2">uzb-VH</subfield></datafield><datafield ind1=" " ind2=" " tag="690"><subfield code="a">Proust, Marcel</subfield><subfield code="2">uzb-VH</subfield></datafield><datafield ind1=" " ind2=" " tag="690"><subfield code="a">Französische Literatur, 20. Jh.</subfield><subfield code="2">uzb-VI</subfield></datafield><datafield ind1=" " ind2=" " tag="690"><subfield code="a">Proust, Marcel</subfield><subfield code="2">uzb-VI</subfield></datafield><datafield ind1=" " ind2=" " tag="690"><subfield code="a">Balzac, Honoré de</subfield><subfield code="2">uzb-VI</subfield></datafield><datafield ind1=" " ind2=" " tag="690"><subfield code="a">Flaubert, Gustave</subfield><subfield code="2">uzb-VI</subfield></datafield><datafield ind1=" " ind2=" " tag="690"><subfield code="a">Rezeption</subfield><subfield code="2">uzb-VI</subfield></datafield><datafield ind1=" " ind2=" " tag="690"><subfield code="a">Balzac, Honoré de</subfield><subfield code="2">uzb-VH</subfield></datafield><datafield ind1=" " ind2=" " tag="690"><subfield code="a">Französische Literatur, 19. Jh.</subfield><subfield code="2">uzb-VI</subfield></datafield><datafield ind1=" " ind2=" " tag="830"><subfield code="a">Littérature de notre siècle</subfield><subfield code="v">15</subfield><subfield code="w">(RERO)2237194-41slsp</subfield></datafield><datafield ind1=" " ind2=" " tag="900"><subfield code="a">REROnoselfmerge</subfield></datafield><datafield ind1=" " ind2=" " tag="900"><subfield code="a">IDSZ2zbzmon200110e</subfield><subfield code="c">IDSZ2cave</subfield><subfield code="d">IDSZ2zbzswk200110b</subfield><subfield code="e">IDSZ2math</subfield></datafield></record>
</metadata></record>