<record><header><identifier>oai:alma.41SLSP_UGE:991000772259705502</identifier><datestamp>2024-09-13T00:14:34Z</datestamp><setSpec>uge_bcen_RapidILL_BOOK</setSpec><setSpec>uge_aaca_RapidILL_BOOK</setSpec><setSpec>uge_abels_RapidILL_BOOK</setSpec><setSpec>uge_dbu_RapidILL_BOOK</setSpec><setSpec>uge_cmu_RapidILL_BOOK</setSpec><setSpec>uge_mail_RapidILL_BOOK</setSpec><setSpec>uge_abbat_RapidILL_BOOK</setSpec><setSpec>UNIGE_ALL</setSpec><setSpec>uge_aobs_RapidILL_BOOK</setSpec><setSpec>uge_acar_RapidILL_BOOK</setSpec></header><metadata>
<record xmlns="http://www.loc.gov/MARC21/slim" xmlns:xsi="http://www.w3.org/2001/XMLSchema-instance" xsi:schemaLocation="http://www.loc.gov/MARC21/slim http://www.loc.gov/standards/marcxml/schema/MARC21slim.xsd"><leader>01210naa a2200241 c 4500</leader><controlfield tag="001">991000772259705502</controlfield><controlfield tag="005">20240912194529.0</controlfield><controlfield tag="008">130513s2013    sz ||||| |||| 00| ||ger d</controlfield><datafield ind1=" " ind2=" " tag="035"><subfield code="a">(swissbib)117341231-41slsp_network</subfield></datafield><datafield ind1=" " ind2=" " tag="035"><subfield code="a">117341231</subfield><subfield code="9">ExL</subfield></datafield><datafield ind1=" " ind2=" " tag="035"><subfield code="a">(RERO)R007294979-41slsp</subfield></datafield><datafield ind1=" " ind2=" " tag="035"><subfield code="a">(EXLNZ-41SLSP_NETWORK)991044999869705501</subfield></datafield><datafield ind1=" " ind2=" " tag="040"><subfield code="a">RERO iftaf-</subfield><subfield code="d">CH-ZuSLS</subfield></datafield><datafield ind1=" " ind2=" " tag="044"><subfield code="a">sz</subfield><subfield code="c">ch-zh</subfield></datafield><datafield ind1=" " ind2="7" tag="072"><subfield code="a">dr</subfield><subfield code="2">rero</subfield></datafield><datafield ind1="1" ind2=" " tag="100"><subfield code="a">Fuhrer, Erwin</subfield><subfield code="0">(RERO)A017142187</subfield><subfield code="4">cre</subfield></datafield><datafield ind1="1" ind2="0" tag="245"><subfield code="a">PS 240</subfield><subfield code="b">Prüfung von Journalbuchungen : IT-gestützte Analyse</subfield><subfield code="c">Erwin Fuhrer, Robert Newton</subfield></datafield><datafield ind1=" " ind2=" " tag="336"><subfield code="b">txt</subfield><subfield code="2">rdacontent</subfield></datafield><datafield ind1=" " ind2=" " tag="337"><subfield code="b">n</subfield><subfield code="2">rdamedia</subfield></datafield><datafield ind1=" " ind2=" " tag="338"><subfield code="b">nc</subfield><subfield code="2">rdacarrier</subfield></datafield><datafield ind1=" " ind2=" " tag="580"><subfield code="a">In: Der Schweizer Treuhänder. - Zürich. - Bd. 87(2013), Nr. 5, S. 277-282</subfield></datafield><datafield ind1="1" ind2=" " tag="700"><subfield code="a">Newton, Robert</subfield><subfield code="0">(RERO)A003638106</subfield></datafield><datafield ind1="0" ind2=" " tag="773"><subfield code="t">Schweizer Treuhänder : Monatszeitschrift für Revision, Rechnungswesen und Beratung : offizielles Organ der Schweizerischen Treuhand- und Revisionskammer = L'expert-comptable suisse : revue mensuelle pour la revision, la comptabilité et le conseil d'entreprise : organe officiel de la Chambre suisse des Sociétés fiduciaires et des experts-comptables</subfield><subfield code="g">2013/277</subfield><subfield code="g">yr:2013</subfield><subfield code="w">(RERO)0223261-41slsp</subfield></datafield><datafield ind1=" " ind2=" " tag="900"><subfield code="a">REROnoselfmerge</subfield></datafield></record>
</metadata></record>