<record><header><identifier>oai:alma.41SLSP_UGE:991000772049705502</identifier><datestamp>2023-03-01T01:10:02Z</datestamp><setSpec>uge_bcen_RapidILL_BOOK</setSpec><setSpec>uge_aaca_RapidILL_BOOK</setSpec><setSpec>uge_abels_RapidILL_BOOK</setSpec><setSpec>uge_dbu_RapidILL_BOOK</setSpec><setSpec>uge_cmu_RapidILL_BOOK</setSpec><setSpec>uge_mail_RapidILL_BOOK</setSpec><setSpec>UNIGE_ALL</setSpec><setSpec>uge_abbat_RapidILL_BOOK</setSpec><setSpec>uge_aobs_RapidILL_BOOK</setSpec><setSpec>uge_acar_RapidILL_BOOK</setSpec></header><metadata>
<record xmlns="http://www.loc.gov/MARC21/slim" xmlns:xsi="http://www.w3.org/2001/XMLSchema-instance" xsi:schemaLocation="http://www.loc.gov/MARC21/slim http://www.loc.gov/standards/marcxml/schema/MARC21slim.xsd"><leader>02346nam a2200325 c 4500</leader><controlfield tag="001">991000772049705502</controlfield><controlfield tag="005">20210207115641.0</controlfield><controlfield tag="008">000921s1995    gr ||||| |||| 00| ||gre d</controlfield><datafield ind1=" " ind2=" " tag="020"><subfield code="a">9603091944</subfield></datafield><datafield ind1=" " ind2=" " tag="035"><subfield code="a">(swissbib)092428495-41slsp_network</subfield></datafield><datafield ind1=" " ind2=" " tag="035"><subfield code="a">092428495</subfield><subfield code="9">ExL</subfield></datafield><datafield ind1=" " ind2=" " tag="035"><subfield code="a">(RERO)R218004860-41slsp</subfield></datafield><datafield ind1=" " ind2=" " tag="035"><subfield code="a">(EXLNZ-41SLSP_NETWORK)991083479429705501</subfield></datafield><datafield ind1=" " ind2=" " tag="040"><subfield code="a">RERO geulgm</subfield><subfield code="d">CH-ZuSLS</subfield></datafield><datafield ind1=" " ind2="7" tag="072"><subfield code="a">gr</subfield><subfield code="2">rero</subfield></datafield><datafield ind1="1" ind2=" " tag="100"><subfield code="6">880-01</subfield><subfield code="a">Asōnítīs, Aléxandros</subfield><subfield code="0">(IDREF)191467278</subfield><subfield code="4">cre</subfield></datafield><datafield ind1="1" ind2=" " tag="880"><subfield code="6">100-01/(S</subfield><subfield code="a">Ασωνίτης, Αλεξάνδρος</subfield></datafield><datafield ind1="1" ind2="0" tag="245"><subfield code="6">880-02</subfield><subfield code="a">&lt;&lt;Hē&gt;&gt; syneidēsē tēs aiōniotētas</subfield><subfield code="c">Alexandros M. Asōnitēs</subfield></datafield><datafield ind1="1" ind2="0" tag="880"><subfield code="6">245-02/(S</subfield><subfield code="a">&lt;&lt;Η&gt;&gt; συνείδηση της αιωνιότητας</subfield><subfield code="c">Αλεξάνδρος Μ. Ασωνίτης</subfield></datafield><datafield ind1="1" ind2=" " tag="246"><subfield code="a">Syneídi̲si̲ ti̲s aio̲nióti̲tas / Aléxandros M. Aso̲níti̲s</subfield></datafield><datafield ind1=" " ind2="1" tag="264"><subfield code="6">880-03</subfield><subfield code="a">Athí̲na</subfield><subfield code="b">Ekd. Delfíni</subfield><subfield code="c">1995</subfield></datafield><datafield ind1=" " ind2="1" tag="880"><subfield code="6">264-03/(S</subfield><subfield code="a">Αθήνα</subfield><subfield code="b">Εκδ. Δελφίνι</subfield><subfield code="c">1995</subfield></datafield><datafield ind1=" " ind2=" " tag="300"><subfield code="a">534 p.</subfield><subfield code="c">21 cm</subfield></datafield><datafield ind1=" " ind2=" " tag="336"><subfield code="b">txt</subfield><subfield code="2">rdacontent</subfield></datafield><datafield ind1=" " ind2=" " tag="337"><subfield code="b">n</subfield><subfield code="2">rdamedia</subfield></datafield><datafield ind1=" " ind2=" " tag="338"><subfield code="b">nc</subfield><subfield code="2">rdacarrier</subfield></datafield><datafield ind1="1" ind2=" " tag="490"><subfield code="6">880-04</subfield><subfield code="a">Sýṉchroni̲ elli̲nikí̲ logotechnía</subfield></datafield><datafield ind1="0" ind2=" " tag="880"><subfield code="6">490-04/(S</subfield><subfield code="a">Σύγχρονη ελληνική λογοτεχνία</subfield></datafield><datafield ind1=" " ind2="0" tag="830"><subfield code="6">880-05</subfield><subfield code="a">Synchronē hellēnikē logotechnia</subfield><subfield code="p">Delphini</subfield><subfield code="w">(RERO)1915240-41slsp</subfield></datafield><datafield ind1=" " ind2="0" tag="880"><subfield code="6">830-05/(S</subfield><subfield code="a">Σύγχρονη ελληνική λογοτεχνία</subfield><subfield code="p">Δελφίνι</subfield></datafield><datafield ind1=" " ind2=" " tag="900"><subfield code="a">REROnoselfmerge</subfield></datafield></record>
</metadata></record>