<record><header><identifier>oai:alma.41SLSP_UGE:991000771839705502</identifier><datestamp>2023-03-01T01:10:02Z</datestamp><setSpec>uge_bcen_RapidILL_BOOK</setSpec><setSpec>uge_aaca_RapidILL_BOOK</setSpec><setSpec>uge_abels_RapidILL_BOOK</setSpec><setSpec>uge_dbu_RapidILL_BOOK</setSpec><setSpec>uge_cmu_RapidILL_BOOK</setSpec><setSpec>uge_mail_RapidILL_BOOK</setSpec><setSpec>UNIGE_ALL</setSpec><setSpec>uge_abbat_RapidILL_BOOK</setSpec><setSpec>uge_aobs_RapidILL_BOOK</setSpec><setSpec>uge_acar_RapidILL_BOOK</setSpec></header><metadata>
<record xmlns="http://www.loc.gov/MARC21/slim" xmlns:xsi="http://www.w3.org/2001/XMLSchema-instance" xsi:schemaLocation="http://www.loc.gov/MARC21/slim http://www.loc.gov/standards/marcxml/schema/MARC21slim.xsd"><leader>01529nam a2200445 c 4500</leader><controlfield tag="001">991000771839705502</controlfield><controlfield tag="005">20201231131742.0</controlfield><controlfield tag="008">201012s1967    xxk||||| |||| 00| ||eng d</controlfield><datafield ind1=" " ind2=" " tag="010"><subfield code="a">67097518</subfield></datafield><datafield ind1=" " ind2=" " tag="015"><subfield code="a">B67-8714</subfield></datafield><datafield ind1=" " ind2=" " tag="035"><subfield code="a">(swissbib)237766922-41slsp_network</subfield></datafield><datafield ind1=" " ind2=" " tag="035"><subfield code="a">237766922</subfield><subfield code="9">ExL</subfield></datafield><datafield ind1=" " ind2=" " tag="035"><subfield code="a">(RERO)0047566-41slsp</subfield></datafield><datafield ind1=" " ind2=" " tag="035"><subfield code="a">(NEBIS)006689838EBI01</subfield></datafield><datafield ind1=" " ind2=" " tag="035"><subfield code="a">(OCoLC)910025</subfield><subfield code="z">(OCoLC)503869115</subfield></datafield><datafield ind1=" " ind2=" " tag="035"><subfield code="a">(EXLNZ-41SLSP_NETWORK)991113805939705501</subfield></datafield><datafield ind1=" " ind2=" " tag="040"><subfield code="a">RERO</subfield><subfield code="d">CH-ZuSLS</subfield></datafield><datafield ind1=" " ind2=" " tag="050"><subfield code="a">PR2805.A2</subfield><subfield code="b">H5</subfield></datafield><datafield ind1=" " ind2="7" tag="072"><subfield code="a">an</subfield><subfield code="2">rero</subfield></datafield><datafield ind1="0" ind2="4" tag="082"><subfield code="a">822.3</subfield></datafield><datafield ind1="1" ind2=" " tag="100"><subfield code="6">880-01</subfield><subfield code="a">Shakespeare, William</subfield><subfield code="d">1564-1616</subfield><subfield code="0">(IDREF)027136086</subfield><subfield code="4">cre</subfield></datafield><datafield ind1="1" ind2=" " tag="880"><subfield code="a">Shakespeare, William</subfield><subfield code="d">1564-1616</subfield><subfield code="0">(DE-588)118613723</subfield><subfield code="6">100-01</subfield></datafield><datafield ind1="1" ind2="0" tag="245"><subfield code="a">Coriolanus</subfield><subfield code="c">William Shakespeare ; ed. by G.R. Hibbard</subfield></datafield><datafield ind1=" " ind2="1" tag="264"><subfield code="a">Harmondsworth</subfield><subfield code="b">Penguin Books</subfield><subfield code="c">1967</subfield></datafield><datafield ind1=" " ind2=" " tag="300"><subfield code="a">263 p.</subfield></datafield><datafield ind1=" " ind2=" " tag="336"><subfield code="b">txt</subfield><subfield code="2">rdacontent</subfield></datafield><datafield ind1=" " ind2=" " tag="337"><subfield code="b">n</subfield><subfield code="2">rdamedia</subfield></datafield><datafield ind1=" " ind2=" " tag="338"><subfield code="b">nc</subfield><subfield code="2">rdacarrier</subfield></datafield><datafield ind1="1" ind2=" " tag="490"><subfield code="a">New Penguin Shakespeare</subfield><subfield code="v">3</subfield></datafield><datafield ind1=" " ind2=" " tag="504"><subfield code="a">Bibliography: p. 49-[52]</subfield></datafield><datafield ind1="1" ind2="0" tag="600"><subfield code="a">Coriolanus, Cnaeus Marcius</subfield><subfield code="v">Drama</subfield></datafield><datafield ind1=" " ind2="0" tag="650"><subfield code="a">Generals</subfield><subfield code="v">Drama</subfield></datafield><datafield ind1=" " ind2="7" tag="650"><subfield code="a">Héros</subfield><subfield code="z">Rome</subfield><subfield code="x">Pièces de théâtre</subfield><subfield code="2">ram</subfield></datafield><datafield ind1=" " ind2="0" tag="651"><subfield code="a">Rome</subfield><subfield code="v">Drama</subfield></datafield><datafield ind1=" " ind2="7" tag="655"><subfield code="a">Tragedies</subfield><subfield code="2">gsafd</subfield></datafield><datafield ind1="1" ind2=" " tag="700"><subfield code="a">Hibbard, George Richard</subfield><subfield code="d">1915-....</subfield><subfield code="0">(IDREF)028514149</subfield></datafield><datafield ind1="1" ind2=" " tag="800"><subfield code="a">Shakespeare, William</subfield><subfield code="d">1564-1616</subfield><subfield code="t">New Penguin Shakespeare</subfield><subfield code="v">3</subfield><subfield code="w">(RERO)0470331-41slsp</subfield></datafield><datafield ind1=" " ind2=" " tag="900"><subfield code="a">REROnoselfmerge</subfield></datafield><datafield ind1=" " ind2=" " tag="900"><subfield code="a">IDSZ2esmon201111r</subfield><subfield code="c">IDSZ2mart</subfield></datafield><datafield ind1=" " ind2=" " tag="911"><subfield code="a">100</subfield><subfield code="a">Shakespeare, William</subfield><subfield code="d">1564-1616</subfield></datafield><datafield ind1=" " ind2=" " tag="911"><subfield code="a">700</subfield><subfield code="a">Hibbard, G. R</subfield><subfield code="q">George Richard</subfield><subfield code="d">1915-</subfield></datafield></record>
</metadata></record>