<record><header><identifier>oai:alma.41SLSP_UGE:991000772569705502</identifier><datestamp>2023-03-01T01:10:02Z</datestamp><setSpec>uge_bcen_RapidILL_BOOK</setSpec><setSpec>uge_aaca_RapidILL_BOOK</setSpec><setSpec>uge_abels_RapidILL_BOOK</setSpec><setSpec>uge_dbu_RapidILL_BOOK</setSpec><setSpec>uge_cmu_RapidILL_BOOK</setSpec><setSpec>uge_mail_RapidILL_BOOK</setSpec><setSpec>UNIGE_ALL</setSpec><setSpec>uge_abbat_RapidILL_BOOK</setSpec><setSpec>uge_aobs_RapidILL_BOOK</setSpec><setSpec>uge_acar_RapidILL_BOOK</setSpec></header><metadata>
<record xmlns="http://www.loc.gov/MARC21/slim" xmlns:xsi="http://www.w3.org/2001/XMLSchema-instance" xsi:schemaLocation="http://www.loc.gov/MARC21/slim http://www.loc.gov/standards/marcxml/schema/MARC21slim.xsd"><leader>02105nam a2200433 c 4500</leader><controlfield tag="001">991000772569705502</controlfield><controlfield tag="005">20201229213034.0</controlfield><controlfield tag="008">201011s1977    sz            00| | fre d</controlfield><datafield ind1=" " ind2=" " tag="020"><subfield code="a">2880150663</subfield></datafield><datafield ind1="7" ind2=" " tag="024"><subfield code="a">http://catalogue.bnf.fr/ark:/12148/cb352173991</subfield><subfield code="2">uri</subfield></datafield><datafield ind1=" " ind2=" " tag="035"><subfield code="a">(swissbib)217833748-41slsp_network</subfield></datafield><datafield ind1=" " ind2=" " tag="035"><subfield code="a">217833748</subfield><subfield code="9">ExL</subfield></datafield><datafield ind1=" " ind2=" " tag="035"><subfield code="a">(NEBIS)002987467EBI01</subfield></datafield><datafield ind1=" " ind2=" " tag="035"><subfield code="a">(RERO)0130928-41slsp</subfield></datafield><datafield ind1=" " ind2=" " tag="035"><subfield code="a">(IDSBB)001503778DSV01</subfield></datafield><datafield ind1=" " ind2=" " tag="035"><subfield code="a">(IDSLU)000282784ILU01</subfield></datafield><datafield ind1=" " ind2=" " tag="035"><subfield code="a">(EXLNZ-41SLSP_NETWORK)991033041709705501</subfield></datafield><datafield ind1=" " ind2=" " tag="040"><subfield code="a">SzZuIDS BS/BE B400</subfield><subfield code="d">CH-ZuSLS</subfield></datafield><datafield ind1=" " ind2=" " tag="044"><subfield code="a">sz</subfield><subfield code="c">ch-vd</subfield><subfield code="a">sz</subfield><subfield code="c">ch-ge</subfield></datafield><datafield ind1=" " ind2="7" tag="072"><subfield code="a">fr</subfield><subfield code="2">rero</subfield></datafield><datafield ind1=" " ind2="7" tag="072"><subfield code="a">fr</subfield><subfield code="2">SzZuIDS BS/BE</subfield></datafield><datafield ind1="1" ind2=" " tag="100"><subfield code="a">Bille, S. Corinna</subfield><subfield code="d">1912-1979</subfield><subfield code="0">(DE-588)118658832</subfield></datafield><datafield ind1="1" ind2="0" tag="245"><subfield code="a">&lt;&lt;Les&gt;&gt; invités de Moscou</subfield><subfield code="b">roman</subfield><subfield code="c">Corinna S. Bille</subfield></datafield><datafield ind1=" " ind2="1" tag="264"><subfield code="a">Vevey</subfield><subfield code="b">Galland</subfield><subfield code="c">1977</subfield></datafield><datafield ind1=" " ind2="3" tag="264"><subfield code="a">Genève</subfield><subfield code="b">Roto-Sadag</subfield></datafield><datafield ind1=" " ind2=" " tag="300"><subfield code="a">178 p.</subfield><subfield code="c">19 cm</subfield></datafield><datafield ind1=" " ind2=" " tag="336"><subfield code="b">txt</subfield><subfield code="2">rdacontent</subfield></datafield><datafield ind1=" " ind2=" " tag="337"><subfield code="b">n</subfield><subfield code="2">rdamedia</subfield></datafield><datafield ind1=" " ind2=" " tag="338"><subfield code="b">nc</subfield><subfield code="2">rdacarrier</subfield></datafield><datafield ind1="4" ind2=" " tag="510"><subfield code="a">Nouvelliste,1977,298, p.2 (AnneTroillet Boven) ; Echo normalien, 1977, 38, p. 21-22 (Regis Volluz) ; Journal de Sierre, 1977, 100, p. 9 (Françoise Bruttin) ; Valais Demain, 1978,2, p.5 (Henri Maître) ; Femmes suisses, 1978, février, (Françoise Bruttin) ; Basler Zeitung, 1978, 15. Februar (Jürg Altwegg) ; Flair, 1978, février ; Construire, 1978, 3, p.13 (Jean-Louis Kuffer) ; NZZ, 1978, 12. März, (Jakob Bachmann) ; Genève-Lettres, 1978, 5, p.33</subfield></datafield><datafield ind1=" " ind2="7" tag="650"><subfield code="a">Französisch</subfield><subfield code="0">(DE-588)4113615-9</subfield><subfield code="2">gnd</subfield></datafield><datafield ind1=" " ind2="7" tag="650"><subfield code="a">Roman</subfield><subfield code="0">(DE-588)4050479-7</subfield><subfield code="2">gnd</subfield></datafield><datafield ind1=" " ind2="7" tag="655"><subfield code="a">Text</subfield><subfield code="2">gnd</subfield></datafield><datafield ind1=" " ind2="7" tag="655"><subfield code="a">Ausgabe</subfield><subfield code="2">idszbz</subfield></datafield><datafield ind1="1" ind2=" " tag="700"><subfield code="a">Bille, Stéphanie Corinna</subfield><subfield code="d">1912-1979</subfield><subfield code="0">(IDREF)026649896</subfield><subfield code="4">cre</subfield></datafield><datafield ind1="1" ind2=" " tag="700"><subfield code="a">Bille, S. Corinna</subfield><subfield code="d">1912-1979</subfield><subfield code="0">(DE-588)118658832</subfield><subfield code="e">Unterzeichner</subfield><subfield code="5">Exemplar ZB Zürich; AWG 12652</subfield><subfield code="4">ato</subfield></datafield><datafield ind1="1" ind2=" " tag="700"><subfield code="a">Böni, Otto</subfield><subfield code="e">Früherer Eigentümer</subfield><subfield code="5">Exemplar ZB Zürich; AWG 12652</subfield><subfield code="4">fmo</subfield></datafield><datafield ind1="1" ind2=" " tag="700"><subfield code="a">Böni-Peter, Martha</subfield><subfield code="d">1933-</subfield><subfield code="0">(DE-588)1089628595</subfield><subfield code="e">Früherer Eigentümer</subfield><subfield code="5">Exemplar ZB Zürich; AWG 12652</subfield><subfield code="4">fmo</subfield></datafield><datafield ind1=" " ind2=" " tag="900"><subfield code="d">IDSZRzbzswk201507b</subfield><subfield code="e">IDSZRlanz</subfield></datafield><datafield ind1=" " ind2=" " tag="900"><subfield code="a">REROnoselfmerge</subfield></datafield></record>
</metadata></record>