<record><header><identifier>oai:alma.41SLSP_UGE:991000772679705502</identifier><datestamp>2024-09-21T00:25:19Z</datestamp><setSpec>uge_bcen_RapidILL_BOOK</setSpec><setSpec>uge_aaca_RapidILL_BOOK</setSpec><setSpec>uge_abels_RapidILL_BOOK</setSpec><setSpec>uge_dbu_RapidILL_BOOK</setSpec><setSpec>uge_cmu_RapidILL_BOOK</setSpec><setSpec>uge_mail_RapidILL_BOOK</setSpec><setSpec>uge_abbat_RapidILL_BOOK</setSpec><setSpec>UNIGE_ALL</setSpec><setSpec>uge_aobs_RapidILL_BOOK</setSpec><setSpec>uge_acar_RapidILL_BOOK</setSpec></header><metadata>
<record xmlns="http://www.loc.gov/MARC21/slim" xmlns:xsi="http://www.w3.org/2001/XMLSchema-instance" xsi:schemaLocation="http://www.loc.gov/MARC21/slim http://www.loc.gov/standards/marcxml/schema/MARC21slim.xsd"><leader>01381nam a2200397 c 4500</leader><controlfield tag="001">991000772679705502</controlfield><controlfield tag="005">20240920194956.0</controlfield><controlfield tag="008">201011s1933    xxu           00| | eng d</controlfield><datafield ind1=" " ind2=" " tag="035"><subfield code="a">(swissbib)223166367-41slsp_network</subfield></datafield><datafield ind1=" " ind2=" " tag="035"><subfield code="a">223166367</subfield><subfield code="9">ExL</subfield></datafield><datafield ind1=" " ind2=" " tag="035"><subfield code="a">(IDSBB)004633520DSV01</subfield></datafield><datafield ind1=" " ind2=" " tag="035"><subfield code="a">(RERO)0875538-41slsp</subfield></datafield><datafield ind1=" " ind2=" " tag="035"><subfield code="a">(NEBIS)003378081EBI01</subfield></datafield><datafield ind1=" " ind2=" " tag="035"><subfield code="a">(EXLNZ-41SLSP_NETWORK)991066076379705501</subfield></datafield><datafield ind1=" " ind2=" " tag="040"><subfield code="a">SzZuIDS BS/BE A164</subfield><subfield code="b">ger</subfield><subfield code="e">kids</subfield><subfield code="d">CH-ZuSLS</subfield></datafield><datafield ind1=" " ind2="7" tag="072"><subfield code="a">mu</subfield><subfield code="2">SzZuIDS BS/BE</subfield></datafield><datafield ind1=" " ind2="7" tag="072"><subfield code="a">mu</subfield><subfield code="2">rero</subfield></datafield><datafield ind1=" " ind2="7" tag="072"><subfield code="a">et</subfield><subfield code="2">rero</subfield></datafield><datafield ind1="1" ind2="4" tag="082"><subfield code="a">780</subfield><subfield code="2">15</subfield></datafield><datafield ind1="1" ind2=" " tag="100"><subfield code="a">Burrows, Edwin G.</subfield><subfield code="d">1891-1958</subfield><subfield code="0">(DE-588)1044330902</subfield></datafield><datafield ind1="1" ind2="0" tag="245"><subfield code="a">Native music of the Tuamotus</subfield><subfield code="c">by E. G. Burrows</subfield></datafield><datafield ind1=" " ind2="1" tag="264"><subfield code="a">Honolulu</subfield><subfield code="b">Bernice P.Bishop Museum</subfield></datafield><datafield ind1=" " ind2=" " tag="300"><subfield code="a">107 p.</subfield><subfield code="b">ill., mus .</subfield><subfield code="c">26 cm</subfield></datafield><datafield ind1=" " ind2=" " tag="336"><subfield code="b">txt</subfield><subfield code="2">rdacontent</subfield></datafield><datafield ind1=" " ind2=" " tag="337"><subfield code="b">n</subfield><subfield code="2">rdamedia</subfield></datafield><datafield ind1=" " ind2=" " tag="338"><subfield code="b">nc</subfield><subfield code="2">rdacarrier</subfield></datafield><datafield ind1="1" ind2=" " tag="490"><subfield code="a">Bulletin / Bernice P. Bishop Museum</subfield><subfield code="v">109</subfield></datafield><datafield ind1=" " ind2="7" tag="650"><subfield code="a">Ethnomusicologie</subfield><subfield code="0">(IDREF)02722550X</subfield><subfield code="2">idref</subfield></datafield><datafield ind1=" " ind2="7" tag="650"><subfield code="a">Musique polynésienne</subfield><subfield code="0">(RERO)A027727127</subfield><subfield code="2">rero</subfield></datafield><datafield ind1=" " ind2="7" tag="651"><subfield code="a">Tuamotu (France, archipel)</subfield><subfield code="0">(RERO)A009982534</subfield><subfield code="2">rero</subfield></datafield><datafield ind1="1" ind2=" " tag="700"><subfield code="a">Burrows, Edwin Grant</subfield><subfield code="d">1891-1958</subfield><subfield code="0">(IDREF)079272479</subfield><subfield code="4">cre</subfield></datafield><datafield ind1="1" ind2=" " tag="700"><subfield code="a">Burrows, Edwin Grant</subfield></datafield><datafield ind1=" " ind2=" " tag="830"><subfield code="a">Bulletin</subfield><subfield code="v">109</subfield><subfield code="w">(NEBIS)000987421EBI01</subfield></datafield><datafield ind1=" " ind2=" " tag="830"><subfield code="a">Bulletin</subfield><subfield code="v">109</subfield><subfield code="w">(IDSBB)000063558DSV01</subfield></datafield><datafield ind1=" " ind2=" " tag="900"><subfield code="a">REROnoselfmerge</subfield></datafield><datafield ind1=" " ind2=" " tag="900"><subfield code="a">IDSZRMedeaZBZ</subfield><subfield code="c">IDSZRwerm</subfield></datafield><datafield ind1=" " ind2=" " tag="900"><subfield code="a">IDSZRMedeaZBZ</subfield><subfield code="b">IDSZRSWK</subfield></datafield></record>
</metadata></record>