<record><header><identifier>oai:alma.41SLSP_UGE:991000771949705502</identifier><datestamp>2023-06-26T00:14:19Z</datestamp><setSpec>UNIGE_ALL</setSpec></header><metadata>
<record xmlns="http://www.loc.gov/MARC21/slim" xmlns:xsi="http://www.w3.org/2001/XMLSchema-instance" xsi:schemaLocation="http://www.loc.gov/MARC21/slim http://www.loc.gov/standards/marcxml/schema/MARC21slim.xsd"><leader>02692ngm a2200493 c 4500</leader><controlfield tag="001">991000771949705502</controlfield><controlfield tag="005">20230625173224.0</controlfield><controlfield tag="007">vd |v||||</controlfield><controlfield tag="008">201011t20022002fr ||| |          v|fre d</controlfield><datafield ind1=" " ind2=" " tag="019"><subfield code="a">Nicht visioniert</subfield><subfield code="5">NEBIS/20111114/E02-Jade</subfield></datafield><datafield ind1="3" ind2=" " tag="024"><subfield code="a">3388334509404</subfield></datafield><datafield ind1=" " ind2=" " tag="035"><subfield code="a">(swissbib)218414331-41slsp_network</subfield></datafield><datafield ind1=" " ind2=" " tag="035"><subfield code="a">218414331</subfield><subfield code="9">ExL</subfield></datafield><datafield ind1=" " ind2=" " tag="035"><subfield code="a">(RERO)R003999436-41slsp</subfield></datafield><datafield ind1=" " ind2=" " tag="035"><subfield code="a">(NEBIS)006694757EBI01</subfield></datafield><datafield ind1=" " ind2=" " tag="035"><subfield code="a">(EXLNZ-41SLSP_NETWORK)991152137259705501</subfield></datafield><datafield ind1=" " ind2=" " tag="040"><subfield code="a">RERO geumem</subfield><subfield code="d">CH-ZuSLS</subfield></datafield><datafield ind1=" " ind2="7" tag="072"><subfield code="a">ba</subfield><subfield code="2">rero</subfield></datafield><datafield ind1="0" ind2="0" tag="245"><subfield code="a">&lt;&lt;Les&gt;&gt; jours où je n'existe pas</subfield><subfield code="c">film de Jean-Charles Fitoussi ; avec et d'après le texte de Marcel Aymé &quot;Le temps mort&quot; [nouvelle du recueil &quot;Derrière chez Martin&quot;]</subfield></datafield><datafield ind1=" " ind2="1" tag="264"><subfield code="a">[Lieu de publication non identifié]</subfield><subfield code="b">Aura été production</subfield><subfield code="b">Paulo films [prod.]</subfield><subfield code="c">[2002]</subfield></datafield><datafield ind1=" " ind2="3" tag="264"><subfield code="a">[Lieu de publication non identifié]</subfield><subfield code="b">Editions Léo Scheer [éditeur]</subfield><subfield code="c">2004</subfield></datafield><datafield ind1=" " ind2="4" tag="264"><subfield code="c">© 2002</subfield></datafield><datafield ind1=" " ind2=" " tag="300"><subfield code="a">1 DVD vidéo (ca. 112 min)</subfield><subfield code="b">couleur PAL</subfield></datafield><datafield ind1=" " ind2=" " tag="336"><subfield code="b">tdi</subfield><subfield code="2">rdacontent</subfield></datafield><datafield ind1=" " ind2=" " tag="337"><subfield code="b">v</subfield><subfield code="2">rdamedia</subfield></datafield><datafield ind1=" " ind2=" " tag="338"><subfield code="b">vd</subfield><subfield code="2">rdacarrier</subfield></datafield><datafield ind1="1" ind2=" " tag="490"><subfield code="a">Le château de hasard</subfield><subfield code="v">pièce 4</subfield></datafield><datafield ind1=" " ind2=" " tag="500"><subfield code="a">Durée du film 1h52 min.</subfield></datafield><datafield ind1=" " ind2=" " tag="500"><subfield code="a">Données vidéo</subfield></datafield><datafield ind1=" " ind2=" " tag="500"><subfield code="a">Une prod.: Aura été production, cop. 2002</subfield></datafield><datafield ind1="0" ind2=" " tag="511"><subfield code="a">Antoine Chappey (Antoine) ; Cémentine Baert (Clémentine)... [et al.]</subfield></datafield><datafield ind1="0" ind2=" " tag="511"><subfield code="a">Antoine Chappey, Clémentine Baert, Luis Miguel Cintra... [et al.]</subfield></datafield><datafield ind1="8" ind2=" " tag="520"><subfield code="a">&quot;Si certains disparaissent à jamais, Antoine, lui, n'existe qu'un jour sur deux. Et voilà qu'il rencontre Clémentine, vivante à temps plein. Cette fable sur l'existence racontée à un enfant qui vient de vivre un deuil finit par devenir pour lui une réalité. Il voit se matérialiser cet homme qui n'était qu'une histoire, et l'on observe alors la métamorphose d'une réalité imaginée en une réalité concrète, incarnée. EXISTER : le plus grand privilège, malgré tous les inconvénients.NE PAS EXISTER : le pire qui puisse arriver, malgré tous les avantages.&quot;</subfield><subfield code="5">RERO/geumem/02.2006</subfield></datafield><datafield ind1=" " ind2=" " tag="538"><subfield code="a">Zone 2</subfield></datafield><datafield ind1=" " ind2="7" tag="650"><subfield code="a">DIGITAL VERSATILE DISC, DVD (FORME DES DOCUMENTS)</subfield><subfield code="9">fre</subfield><subfield code="0">(ETHUDK)000062823</subfield><subfield code="2">ethudk</subfield></datafield><datafield ind1=" " ind2="7" tag="650"><subfield code="a">FILMS DE SCIENCE-FICTION + FILMS FANTASTIQUES + FILMS D'HORREUR (CINÉMATOGRAPHIE)</subfield><subfield code="9">fre</subfield><subfield code="0">(ETHUDK)000052716</subfield><subfield code="2">ethudk</subfield></datafield><datafield ind1=" " ind2="7" tag="655"><subfield code="a">DVD</subfield><subfield code="0">(IDREF)035108444</subfield><subfield code="2">idref</subfield></datafield><datafield ind1=" " ind2="7" tag="655"><subfield code="a">Films de fiction</subfield><subfield code="0">(IDREF)14779644X</subfield><subfield code="2">idref</subfield></datafield><datafield ind1="1" ind2=" " tag="700"><subfield code="a">Chappey, Antoine</subfield></datafield><datafield ind1="1" ind2=" " tag="700"><subfield code="a">Baert, Clémentine</subfield></datafield><datafield ind1="1" ind2=" " tag="700"><subfield code="a">Cintra, Luís Miguel</subfield></datafield><datafield ind1="1" ind2="2" tag="700"><subfield code="a">Aymé, Marcel</subfield><subfield code="t">&lt;&lt;Le&gt;&gt; temps mort</subfield></datafield><datafield ind1="1" ind2=" " tag="700"><subfield code="a">Fitoussi, Jean-Charles</subfield><subfield code="c">réalisateur</subfield><subfield code="0">(RERO)A012498417</subfield></datafield><datafield ind1="1" ind2=" " tag="700"><subfield code="a">Aymé, Marcel</subfield><subfield code="d">1902-1967</subfield><subfield code="0">(DE-588)118651293</subfield></datafield><datafield ind1=" " ind2="0" tag="830"><subfield code="a">&lt;&lt;Le&gt;&gt; château de hasard</subfield><subfield code="v">pièce 4</subfield></datafield></record>
</metadata></record>