<record><header><identifier>oai:alma.41SLSP_UGE:991000771829705502</identifier><datestamp>2024-08-31T00:19:34Z</datestamp><setSpec>uge_bcen_RapidILL_BOOK</setSpec><setSpec>uge_aaca_RapidILL_BOOK</setSpec><setSpec>uge_abels_RapidILL_BOOK</setSpec><setSpec>uge_dbu_RapidILL_BOOK</setSpec><setSpec>uge_cmu_RapidILL_BOOK</setSpec><setSpec>uge_mail_RapidILL_BOOK</setSpec><setSpec>uge_abbat_RapidILL_BOOK</setSpec><setSpec>UNIGE_ALL</setSpec><setSpec>uge_aobs_RapidILL_BOOK</setSpec><setSpec>uge_acar_RapidILL_BOOK</setSpec></header><metadata>
<record xmlns="http://www.loc.gov/MARC21/slim" xmlns:xsi="http://www.w3.org/2001/XMLSchema-instance" xsi:schemaLocation="http://www.loc.gov/MARC21/slim http://www.loc.gov/standards/marcxml/schema/MARC21slim.xsd"><leader>02560ncm a2200673 c 4500</leader><controlfield tag="001">991000771829705502</controlfield><controlfield tag="005">20240830155841.0</controlfield><controlfield tag="008">201011s1985    it ||l||            und d</controlfield><datafield ind1=" " ind2=" " tag="020"><subfield code="a">377510805X</subfield></datafield><datafield ind1="3" ind2="2" tag="028"><subfield code="a">CEKM 45</subfield></datafield><datafield ind1="2" ind2="2" tag="028"><subfield code="a">69.450</subfield></datafield><datafield ind1=" " ind2=" " tag="035"><subfield code="a">(swissbib)232001200-41slsp_network</subfield></datafield><datafield ind1=" " ind2=" " tag="035"><subfield code="a">232001200</subfield><subfield code="9">ExL</subfield></datafield><datafield ind1=" " ind2=" " tag="035"><subfield code="a">(RERO)0634459-41slsp</subfield></datafield><datafield ind1=" " ind2=" " tag="035"><subfield code="a">(NEBIS)006280337EBI01</subfield></datafield><datafield ind1=" " ind2=" " tag="035"><subfield code="a">(IDSBB)000816160DSV01</subfield></datafield><datafield ind1=" " ind2=" " tag="035"><subfield code="a">(EXLNZ-41SLSP_NETWORK)991120286779705501</subfield></datafield><datafield ind1=" " ind2=" " tag="040"><subfield code="a">RERO frbcuc</subfield><subfield code="d">CH-ZuSLS</subfield></datafield><datafield ind1=" " ind2=" " tag="044"><subfield code="a">it</subfield><subfield code="a">gw</subfield></datafield><datafield ind1=" " ind2="7" tag="072"><subfield code="a">mu</subfield><subfield code="2">rero</subfield></datafield><datafield ind1=" " ind2="7" tag="072"><subfield code="a">mu</subfield><subfield code="2">SzZuIDS BS/BE</subfield></datafield><datafield ind1="1" ind2="4" tag="082"><subfield code="a">780</subfield><subfield code="2">15</subfield></datafield><datafield ind1="1" ind2=" " tag="100"><subfield code="a">Hassler, Hans Leo</subfield><subfield code="d">1564-1612</subfield><subfield code="0">(IDREF)094539200</subfield><subfield code="4">cre</subfield></datafield><datafield ind1="1" ind2="0" tag="240"><subfield code="a">Toccaten</subfield><subfield code="m">Tasteninstr</subfield></datafield><datafield ind1="1" ind2="0" tag="245"><subfield code="a">Toccatas</subfield><subfield code="c">Hans Leo Hassler ; ed. by Stijn Stribos</subfield></datafield><datafield ind1=" " ind2="1" tag="264"><subfield code="a">[Rome]</subfield><subfield code="b">American Institute of Musicology</subfield><subfield code="a">Neuhausen-Stuttgart</subfield><subfield code="b">Hänssler-Verl.</subfield><subfield code="c">1985</subfield></datafield><datafield ind1=" " ind2=" " tag="300"><subfield code="a">1 PARTITION (XVIII, 64 p.)</subfield><subfield code="c">31 cm</subfield></datafield><datafield ind1=" " ind2=" " tag="336"><subfield code="b">ntm</subfield><subfield code="2">rdacontent</subfield></datafield><datafield ind1=" " ind2=" " tag="337"><subfield code="b">n</subfield><subfield code="2">rdamedia</subfield></datafield><datafield ind1=" " ind2=" " tag="338"><subfield code="b">nc</subfield><subfield code="2">rdacarrier</subfield></datafield><datafield ind1=" " ind2=" " tag="348"><subfield code="a">Partitur</subfield><subfield code="2">gnd-music</subfield></datafield><datafield ind1=" " ind2=" " tag="348"><subfield code="a">partition</subfield><subfield code="2">gnd-music/fre</subfield></datafield><datafield ind1=" " ind2=" " tag="348"><subfield code="a">partitura</subfield><subfield code="2">gnd-music/ita</subfield></datafield><datafield ind1=" " ind2=" " tag="382"><subfield code="a">instrument à clavier</subfield><subfield code="n">1</subfield><subfield code="2">reromusi</subfield></datafield><datafield ind1=" " ind2=" " tag="382"><subfield code="a">Tasteninstrument</subfield><subfield code="n">1</subfield><subfield code="2">idsmusi</subfield></datafield><datafield ind1=" " ind2=" " tag="382"><subfield code="a">Cembalo</subfield><subfield code="n">1</subfield><subfield code="2">idsmusi</subfield></datafield><datafield ind1=" " ind2=" " tag="382"><subfield code="a">Orgel</subfield><subfield code="n">1</subfield><subfield code="2">idsmusi</subfield></datafield><datafield ind1="1" ind2=" " tag="490"><subfield code="a">Corpus of early keyboard music</subfield><subfield code="v">45</subfield></datafield><datafield ind1=" " ind2=" " tag="500"><subfield code="a">American Institute of Musicology</subfield></datafield><datafield ind1=" " ind2="7" tag="655"><subfield code="a">Toccata</subfield><subfield code="y">16.-17. Jh.</subfield><subfield code="2">idsmusg</subfield></datafield><datafield ind1=" " ind2="7" tag="655"><subfield code="a">Toccata</subfield><subfield code="y">15. Jh.</subfield><subfield code="2">idsmusg</subfield></datafield><datafield ind1=" " ind2="7" tag="655"><subfield code="a">Toccata</subfield><subfield code="x">instrument à clavier</subfield><subfield code="y">1575-1625</subfield><subfield code="2">reromusg</subfield></datafield><datafield ind1=" " ind2=" " tag="690"><subfield code="a">Toccata</subfield><subfield code="d">instrument à clavier</subfield><subfield code="e">1575-1625</subfield><subfield code="2">musg</subfield></datafield><datafield ind1=" " ind2=" " tag="690"><subfield code="a">instrument à clavier</subfield><subfield code="2">musi</subfield></datafield><datafield ind1=" " ind2=" " tag="690"><subfield code="a">Toccata</subfield><subfield code="q">Tasteninstrument</subfield><subfield code="t">16.-17. Jh.</subfield><subfield code="v">Noten</subfield><subfield code="2">ids-music</subfield></datafield><datafield ind1=" " ind2=" " tag="690"><subfield code="q">Tasteninstrument</subfield><subfield code="t">16.-17. Jh.</subfield><subfield code="2">ids-music</subfield></datafield><datafield ind1=" " ind2=" " tag="690"><subfield code="a">Toccata</subfield><subfield code="2">uzb-UV</subfield></datafield><datafield ind1=" " ind2=" " tag="690"><subfield code="a">Musik für Tasteninstrument</subfield><subfield code="2">uzb-UV</subfield></datafield><datafield ind1=" " ind2=" " tag="690"><subfield code="a">Toccata</subfield><subfield code="q">Cembalo</subfield><subfield code="t">15. Jh.</subfield><subfield code="v">Noten</subfield><subfield code="2">ids-music</subfield></datafield><datafield ind1=" " ind2=" " tag="690"><subfield code="a">Toccata</subfield><subfield code="q">Cembalo</subfield><subfield code="t">16. Jh.</subfield><subfield code="v">Noten</subfield><subfield code="2">ids-music</subfield></datafield><datafield ind1=" " ind2=" " tag="690"><subfield code="a">Toccata</subfield><subfield code="q">Orgel</subfield><subfield code="t">15. Jh.</subfield><subfield code="v">Noten</subfield><subfield code="2">ids-music</subfield></datafield><datafield ind1=" " ind2=" " tag="690"><subfield code="a">Toccata</subfield><subfield code="q">Orgel</subfield><subfield code="t">16. Jh.</subfield><subfield code="v">Noten</subfield><subfield code="2">ids-music</subfield></datafield><datafield ind1="1" ind2=" " tag="700"><subfield code="a">Haßler, Hans Leo</subfield><subfield code="d">1564-1612</subfield><subfield code="0">(DE-588)118917447</subfield></datafield><datafield ind1="1" ind2="2" tag="700"><subfield code="a">Hassler, Hans Leo</subfield><subfield code="d">1564-1612</subfield><subfield code="t">Toccatas.</subfield><subfield code="m">Instrument à clavier</subfield></datafield><datafield ind1="1" ind2=" " tag="700"><subfield code="a">Stribos, Stijn</subfield><subfield code="0">(RERO)A003870251</subfield></datafield><datafield ind1=" " ind2=" " tag="830"><subfield code="a">Corpus of early keyboard music</subfield><subfield code="v">45</subfield><subfield code="w">(NEBIS)001090579EBI01</subfield></datafield><datafield ind1=" " ind2=" " tag="830"><subfield code="a">Corpus of Early Keyboard Music</subfield><subfield code="v">45</subfield><subfield code="w">(RERO)0634450-41slsp</subfield></datafield><datafield ind1=" " ind2=" " tag="900"><subfield code="a">REROnoselfmerge</subfield></datafield><datafield ind1=" " ind2=" " tag="900"><subfield code="a">IDSZRMedeaZBZ</subfield><subfield code="c">IDSZRmeth</subfield></datafield><datafield ind1=" " ind2=" " tag="900"><subfield code="a">IDSZ2zbzmus201409r</subfield><subfield code="c">IDSZ2medea meth</subfield><subfield code="d">IDSZ2zbzswk201409m</subfield></datafield></record>
</metadata></record>