<record><header><identifier>oai:alma.41SLSP_UGE:991000772559705502</identifier><datestamp>2024-06-02T00:07:40Z</datestamp><setSpec>uge_bcen_RapidILL_BOOK</setSpec><setSpec>uge_aaca_RapidILL_BOOK</setSpec><setSpec>uge_abels_RapidILL_BOOK</setSpec><setSpec>uge_dbu_RapidILL_BOOK</setSpec><setSpec>uge_cmu_RapidILL_BOOK</setSpec><setSpec>uge_mail_RapidILL_BOOK</setSpec><setSpec>UNIGE_ALL</setSpec><setSpec>uge_abbat_RapidILL_BOOK</setSpec><setSpec>uge_acar_RapidILL_BOOK</setSpec><setSpec>uge_aobs_RapidILL_BOOK</setSpec></header><metadata>
<record xmlns="http://www.loc.gov/MARC21/slim" xmlns:xsi="http://www.w3.org/2001/XMLSchema-instance" xsi:schemaLocation="http://www.loc.gov/MARC21/slim http://www.loc.gov/standards/marcxml/schema/MARC21slim.xsd"><leader>02083nam a2200505 c 4500</leader><controlfield tag="001">991000772559705502</controlfield><controlfield tag="005">20230407054250.0</controlfield><controlfield tag="008">201012s2013    sz ||||| |||| 00| ||fre d</controlfield><datafield ind1=" " ind2=" " tag="020"><subfield code="a">9782830915266</subfield><subfield code="q">br</subfield></datafield><datafield ind1=" " ind2=" " tag="035"><subfield code="a">(swissbib)23819387X-41slsp_network</subfield></datafield><datafield ind1=" " ind2=" " tag="035"><subfield code="a">23819387X</subfield><subfield code="9">ExL</subfield></datafield><datafield ind1=" " ind2=" " tag="035"><subfield code="a">(RERO)R007481757-41slsp</subfield></datafield><datafield ind1=" " ind2=" " tag="035"><subfield code="a">(NEBIS)010009158EBI01</subfield></datafield><datafield ind1=" " ind2=" " tag="035"><subfield code="a">(OCoLC)863126949</subfield></datafield><datafield ind1=" " ind2=" " tag="035"><subfield code="a">(EXLNZ-41SLSP_NETWORK)991010191619705501</subfield></datafield><datafield ind1=" " ind2=" " tag="040"><subfield code="a">RERO geuth-</subfield><subfield code="d">CH-ZuSLS</subfield></datafield><datafield ind1="1" ind2=" " tag="041"><subfield code="a">fre</subfield><subfield code="h">ger</subfield></datafield><datafield ind1=" " ind2=" " tag="044"><subfield code="a">sz</subfield><subfield code="c">ch-ge</subfield></datafield><datafield ind1=" " ind2="7" tag="072"><subfield code="a">th</subfield><subfield code="2">rero</subfield></datafield><datafield ind1="0" ind2="4" tag="082"><subfield code="a">230.4</subfield><subfield code="2">22</subfield></datafield><datafield ind1="0" ind2="0" tag="245"><subfield code="a">&lt;&lt;Le&gt;&gt; catéchisme de Heidelberg</subfield><subfield code="b">[au coeur de l'identité réformée]</subfield><subfield code="c">introd. de Pierre-Olivier Léchot ; trad.: P. Fraenkel... [et al.]</subfield></datafield><datafield ind1=" " ind2="1" tag="264"><subfield code="a">Genève</subfield><subfield code="b">Labor et Fides</subfield><subfield code="c">2013</subfield></datafield><datafield ind1=" " ind2=" " tag="300"><subfield code="a">113 p.</subfield><subfield code="c">21 cm</subfield></datafield><datafield ind1=" " ind2=" " tag="336"><subfield code="b">txt</subfield><subfield code="2">rdacontent</subfield></datafield><datafield ind1=" " ind2=" " tag="337"><subfield code="b">n</subfield><subfield code="2">rdamedia</subfield></datafield><datafield ind1=" " ind2=" " tag="338"><subfield code="b">nc</subfield><subfield code="2">rdacarrier</subfield></datafield><datafield ind1="1" ind2=" " tag="490"><subfield code="a">Classiques</subfield><subfield code="v">[no 1]</subfield></datafield><datafield ind1=" " ind2=" " tag="500"><subfield code="a">La couverture porte en plus: Au cœur de l'identité réformée</subfield></datafield><datafield ind1="0" ind2="7" tag="630"><subfield code="a">Heidelberger Katechismus</subfield><subfield code="0">(IDREF)029619602</subfield><subfield code="2">idref</subfield></datafield><datafield ind1="0" ind2="0" tag="630"><subfield code="a">Heidelberger Katechismus</subfield></datafield><datafield ind1="0" ind2="7" tag="630"><subfield code="a">Heidelberger Katechismus</subfield><subfield code="0">(DE-588)4139794-0</subfield><subfield code="2">gnd</subfield></datafield><datafield ind1="0" ind2="7" tag="630"><subfield code="a">Catéchisme de Heidelberg</subfield><subfield code="x">Introductions</subfield><subfield code="2">ram</subfield></datafield><datafield ind1=" " ind2="0" tag="650"><subfield code="a">Reformed Church</subfield><subfield code="v">Catechisms</subfield></datafield><datafield ind1=" " ind2="0" tag="650"><subfield code="a">Reformed Church</subfield><subfield code="x">Doctrines</subfield></datafield><datafield ind1=" " ind2="7" tag="650"><subfield code="a">Catéchismes allemands</subfield><subfield code="2">ram</subfield></datafield><datafield ind1=" " ind2="7" tag="650"><subfield code="a">Églises réformées</subfield><subfield code="x">Doctrines</subfield><subfield code="y">16e siècle</subfield><subfield code="2">ram</subfield></datafield><datafield ind1=" " ind2="7" tag="655"><subfield code="a">Einführung</subfield><subfield code="2">gnd-content</subfield></datafield><datafield ind1="1" ind2=" " tag="700"><subfield code="a">Fraenkel, Pierre</subfield><subfield code="d">1923-2010</subfield><subfield code="0">(IDREF)026871815</subfield></datafield><datafield ind1="1" ind2=" " tag="700"><subfield code="a">Léchot, Pierre-Olivier</subfield><subfield code="d">1978-....</subfield><subfield code="0">(IDREF)070328226</subfield></datafield><datafield ind1="0" ind2=" " tag="730"><subfield code="a">Heidelberger Katechismus</subfield><subfield code="0">(DE-588)4139794-0</subfield></datafield><datafield ind1="0" ind2=" " tag="730"><subfield code="a">Heidelberger Katechismus</subfield><subfield code="l">Français</subfield></datafield><datafield ind1="4" ind2=" " tag="856"><subfield code="3">Titelblatt und Inhaltsverzeichnis</subfield><subfield code="u">https://toc.library.ethz.ch/objects/pdf03/z01_978-2-8309-1526-6_01.pdf</subfield><subfield code="q">pdf</subfield></datafield><datafield ind1=" " ind2="0" tag="830"><subfield code="a">Classiques</subfield><subfield code="p">Labor et Fides</subfield><subfield code="v">1</subfield><subfield code="w">(RERO)R007481735-41slsp</subfield></datafield><datafield ind1=" " ind2=" " tag="900"><subfield code="a">IDSZ2zbzmon201401f</subfield><subfield code="c">IDSZ2gabr</subfield><subfield code="d">IDSZ2zbzswk201402b</subfield><subfield code="e">IDSZ2schu</subfield></datafield><datafield ind1=" " ind2=" " tag="911"><subfield code="a">700</subfield><subfield code="a">Fraenkel, Pierre</subfield><subfield code="d">1923-</subfield></datafield><datafield ind1=" " ind2=" " tag="949"><subfield code="a">https://toc.library.ethz.ch/objects/pdf03/z01_978-2-8309-1526-6_01.pdf</subfield></datafield></record>
</metadata></record>