<record><header><identifier>oai:alma.41SLSP_UGE:991000772139705502</identifier><datestamp>2023-07-01T00:18:19Z</datestamp><setSpec>uge_bcen_RapidILL_BOOK</setSpec><setSpec>uge_aaca_RapidILL_BOOK</setSpec><setSpec>uge_abels_RapidILL_BOOK</setSpec><setSpec>uge_dbu_RapidILL_BOOK</setSpec><setSpec>uge_cmu_RapidILL_BOOK</setSpec><setSpec>uge_mail_RapidILL_BOOK</setSpec><setSpec>uge_abbat_RapidILL_BOOK</setSpec><setSpec>UNIGE_ALL</setSpec><setSpec>uge_aobs_RapidILL_BOOK</setSpec><setSpec>uge_acar_RapidILL_BOOK</setSpec></header><metadata>
<record xmlns="http://www.loc.gov/MARC21/slim" xmlns:xsi="http://www.w3.org/2001/XMLSchema-instance" xsi:schemaLocation="http://www.loc.gov/MARC21/slim http://www.loc.gov/standards/marcxml/schema/MARC21slim.xsd"><leader>01380naa a2200301 c 4500</leader><controlfield tag="001">991000772139705502</controlfield><controlfield tag="005">20230630222324.0</controlfield><controlfield tag="008">190125s2018    sz ||||| |||| 00| ||ger d</controlfield><datafield ind1=" " ind2=" " tag="035"><subfield code="a">(swissbib)125429835-41slsp_network</subfield></datafield><datafield ind1=" " ind2=" " tag="035"><subfield code="a">125429835</subfield><subfield code="9">ExL</subfield></datafield><datafield ind1=" " ind2=" " tag="035"><subfield code="a">(RERO)R008890073-41slsp</subfield></datafield><datafield ind1=" " ind2=" " tag="035"><subfield code="a">(EXLNZ-41SLSP_NETWORK)991152435409705501</subfield></datafield><datafield ind1=" " ind2=" " tag="040"><subfield code="a">RERO geubfd</subfield><subfield code="d">CH-ZuSLS</subfield></datafield><datafield ind1=" " ind2=" " tag="044"><subfield code="a">sz</subfield><subfield code="c">ch-be</subfield></datafield><datafield ind1=" " ind2="7" tag="072"><subfield code="a">dr</subfield><subfield code="2">rero</subfield></datafield><datafield ind1=" " ind2=" " tag="084"><subfield code="a">CA/CH 72 i</subfield><subfield code="2">cjurrom</subfield></datafield><datafield ind1="1" ind2=" " tag="100"><subfield code="a">Emmenegger, Susan</subfield><subfield code="d">1967-....</subfield><subfield code="0">(IDREF)199400474</subfield><subfield code="4">aut</subfield></datafield><datafield ind1="1" ind2="0" tag="245"><subfield code="a">Für Hilfspersonen wird nicht gehaftet - oder doch?</subfield><subfield code="b">Art. 101 Abs. 2 OR im Lichte der Ungewöhnlichkeitsregel</subfield><subfield code="c">Susan Emmenegger, Nicola Jegher, Seraina Graf</subfield></datafield><datafield ind1=" " ind2=" " tag="336"><subfield code="b">txt</subfield><subfield code="2">rdacontent</subfield></datafield><datafield ind1=" " ind2=" " tag="337"><subfield code="b">n</subfield><subfield code="2">rdamedia</subfield></datafield><datafield ind1=" " ind2=" " tag="338"><subfield code="b">nc</subfield><subfield code="2">rdacarrier</subfield></datafield><datafield ind1=" " ind2=" " tag="580"><subfield code="a">In: Brücken bauen : Festschrift für Thomas Koller. - Bern : Stämpfli, 2018. - S. 177-193</subfield></datafield><datafield ind1=" " ind2="7" tag="650"><subfield code="a">Hilfspersonenhaftung(Vertragshaftung)</subfield><subfield code="9">ger</subfield><subfield code="0">(RERO)jurivoc000011172ger</subfield><subfield code="2">jurivoc</subfield></datafield><datafield ind1=" " ind2="7" tag="650"><subfield code="a">Ungewöhnlichkeitsregel</subfield><subfield code="9">ger</subfield><subfield code="0">(RERO)jurivoc000023631ger</subfield><subfield code="2">jurivoc</subfield></datafield><datafield ind1=" " ind2="7" tag="650"><subfield code="a">Wegbedingung der Haftung</subfield><subfield code="9">ger</subfield><subfield code="0">(RERO)jurivoc000026247ger</subfield><subfield code="2">jurivoc</subfield></datafield><datafield ind1=" " ind2="7" tag="651"><subfield code="a">Schweiz</subfield><subfield code="9">ger</subfield><subfield code="0">(RERO)jurivoc000019912ger</subfield><subfield code="2">jurivoc</subfield></datafield><datafield ind1="1" ind2=" " tag="700"><subfield code="a">Jegher, Nicola</subfield><subfield code="0">(RERO)A027743782</subfield><subfield code="4">aut</subfield></datafield><datafield ind1="1" ind2=" " tag="700"><subfield code="a">Graf, Seraina</subfield><subfield code="0">(RERO)A027777008</subfield><subfield code="4">aut</subfield></datafield><datafield ind1="0" ind2=" " tag="773"><subfield code="t">Brücken bauen : Festschrift für Thomas Koller</subfield><subfield code="g">177</subfield><subfield code="w">(RERO)R008868155-41slsp</subfield></datafield></record>
</metadata></record>