<record><header><identifier>oai:alma.41SLSP_UGE:991000772149705502</identifier><datestamp>2023-03-01T01:10:02Z</datestamp><setSpec>uge_bcen_RapidILL_BOOK</setSpec><setSpec>uge_aaca_RapidILL_BOOK</setSpec><setSpec>uge_abels_RapidILL_BOOK</setSpec><setSpec>uge_dbu_RapidILL_BOOK</setSpec><setSpec>uge_cmu_RapidILL_BOOK</setSpec><setSpec>uge_mail_RapidILL_BOOK</setSpec><setSpec>uge_abbat_RapidILL_BOOK</setSpec><setSpec>UNIGE_ALL</setSpec><setSpec>uge_acar_RapidILL_BOOK</setSpec><setSpec>uge_aobs_RapidILL_BOOK</setSpec></header><metadata>
<record xmlns="http://www.loc.gov/MARC21/slim" xmlns:xsi="http://www.w3.org/2001/XMLSchema-instance" xsi:schemaLocation="http://www.loc.gov/MARC21/slim http://www.loc.gov/standards/marcxml/schema/MARC21slim.xsd"><leader>01616nam a2200385 c 4500</leader><controlfield tag="001">991000772149705502</controlfield><controlfield tag="005">20230227201102.0</controlfield><controlfield tag="008">891214m19811995it ||||| |||| 00| ||ita d</controlfield><datafield ind1=" " ind2=" " tag="035"><subfield code="a">(swissbib)084295384-41slsp_network</subfield></datafield><datafield ind1=" " ind2=" " tag="035"><subfield code="a">084295384</subfield><subfield code="9">ExL</subfield></datafield><datafield ind1=" " ind2=" " tag="035"><subfield code="a">(RERO)1188054-41slsp</subfield></datafield><datafield ind1=" " ind2=" " tag="035"><subfield code="a">(EXLNZ-41SLSP_NETWORK)991145656159705501</subfield></datafield><datafield ind1=" " ind2=" " tag="040"><subfield code="a">RERO geulit</subfield><subfield code="d">CH-ZuSLS</subfield></datafield><datafield ind1="0" ind2=" " tag="041"><subfield code="a">ita</subfield><subfield code="a">lat</subfield></datafield><datafield ind1=" " ind2="7" tag="072"><subfield code="a">th</subfield><subfield code="2">rero</subfield></datafield><datafield ind1=" " ind2="7" tag="072"><subfield code="a">ht</subfield><subfield code="2">rero</subfield></datafield><datafield ind1="0" ind2="0" tag="245"><subfield code="a">&lt;&lt;Il&gt;&gt; processo inquisitoriale del cardinal Giovanni Morone</subfield><subfield code="b">edizione critica</subfield><subfield code="c">Massimo Firpo, Dario Marcatto</subfield></datafield><datafield ind1=" " ind2="1" tag="264"><subfield code="a">Roma</subfield><subfield code="b">Istituto storico italiano per l'età moderna e contemporanea</subfield><subfield code="c">1981-1995</subfield></datafield><datafield ind1=" " ind2=" " tag="300"><subfield code="a">6 t. en 7 vol.</subfield><subfield code="c">26 cm</subfield></datafield><datafield ind1=" " ind2=" " tag="336"><subfield code="b">txt</subfield><subfield code="2">rdacontent</subfield></datafield><datafield ind1=" " ind2=" " tag="337"><subfield code="b">n</subfield><subfield code="2">rdamedia</subfield></datafield><datafield ind1=" " ind2=" " tag="338"><subfield code="b">nc</subfield><subfield code="2">rdacarrier</subfield></datafield><datafield ind1="1" ind2=" " tag="490"><subfield code="a">Italia e Europa</subfield></datafield><datafield ind1=" " ind2=" " tag="500"><subfield code="a">1 : Il compendium. 2 : Il processo d'accusa (2 vol.). 3 : I documenti difensivi. 4 : Il processo difensivo bolognese ; La sentenza. 5 : Appendice I : Il processo di Domenico Morando ; Documenti. 6 : Appendice I I: Summarium processus originalis ; Documenti</subfield></datafield><datafield ind1="1" ind2="7" tag="600"><subfield code="a">Moróne, Giovanni</subfield><subfield code="d">1509-1580</subfield><subfield code="0">(IDREF)027641090</subfield><subfield code="2">idref</subfield></datafield><datafield ind1="1" ind2="7" tag="600"><subfield code="a">Morando, Domenico</subfield><subfield code="0">(RERO)A013684752</subfield><subfield code="2">rero</subfield></datafield><datafield ind1=" " ind2="7" tag="650"><subfield code="a">1552-1560</subfield><subfield code="2">rero</subfield></datafield><datafield ind1=" " ind2="7" tag="650"><subfield code="a">1557-1559</subfield><subfield code="2">rero</subfield></datafield><datafield ind1=" " ind2="7" tag="650"><subfield code="a">Inquisition</subfield><subfield code="0">(IDREF)027325288</subfield><subfield code="2">idref</subfield></datafield><datafield ind1=" " ind2="7" tag="650"><subfield code="a">Procès</subfield><subfield code="0">(IDREF)027776298</subfield><subfield code="2">idref</subfield></datafield><datafield ind1=" " ind2="7" tag="651"><subfield code="a">Italie</subfield><subfield code="0">(IDREF)027235408</subfield><subfield code="2">idref</subfield></datafield><datafield ind1=" " ind2="7" tag="655"><subfield code="a">[document]</subfield><subfield code="2">rerovoc</subfield><subfield code="0">(RERO)A010182398</subfield></datafield><datafield ind1="1" ind2=" " tag="700"><subfield code="a">Firpo, Massimo</subfield><subfield code="d">1946-....</subfield><subfield code="0">(IDREF)028433203</subfield></datafield><datafield ind1="1" ind2=" " tag="700"><subfield code="a">Marcatto, Dario</subfield><subfield code="0">(IDREF)029150329</subfield></datafield><datafield ind1=" " ind2="0" tag="830"><subfield code="a">Italia e Europa</subfield><subfield code="w">(RERO)1190926-41slsp</subfield></datafield><datafield ind1=" " ind2=" " tag="900"><subfield code="a">REROnoselfmerge</subfield></datafield><datafield ind1=" " ind2=" " tag="993"><subfield code="a">MHR VM 28</subfield><subfield code="x">ge/mhr-/7650</subfield><subfield code="x">ge/mhr-/8041</subfield><subfield code="x">ge/mhr-/8527</subfield><subfield code="9">LOCAL</subfield></datafield><datafield ind1=" " ind2=" " tag="993"><subfield code="a">BFLB 9286/5</subfield><subfield code="x">ge/ulit/a/98/295</subfield><subfield code="9">LOCAL</subfield></datafield><datafield ind1=" " ind2=" " tag="993"><subfield code="a">BFLB 9286</subfield><subfield code="x">ge/ulit/a/90/4</subfield><subfield code="x">ge/ulit/a/96/116</subfield><subfield code="9">LOCAL</subfield></datafield></record>
</metadata></record>