<record><header><identifier>oai:alma.41SLSP_UGE:991000772389705502</identifier><datestamp>2023-03-29T00:17:29Z</datestamp><setSpec>uge_bcen_RapidILL_BOOK</setSpec><setSpec>uge_aaca_RapidILL_BOOK</setSpec><setSpec>uge_abels_RapidILL_BOOK</setSpec><setSpec>uge_dbu_RapidILL_BOOK</setSpec><setSpec>uge_cmu_RapidILL_BOOK</setSpec><setSpec>uge_mail_RapidILL_BOOK</setSpec><setSpec>uge_abbat_RapidILL_BOOK</setSpec><setSpec>UNIGE_ALL</setSpec><setSpec>uge_aobs_RapidILL_BOOK</setSpec><setSpec>uge_acar_RapidILL_BOOK</setSpec></header><metadata>
<record xmlns="http://www.loc.gov/MARC21/slim" xmlns:xsi="http://www.w3.org/2001/XMLSchema-instance" xsi:schemaLocation="http://www.loc.gov/MARC21/slim http://www.loc.gov/standards/marcxml/schema/MARC21slim.xsd"><leader>03351nam a2200361 c 4500</leader><controlfield tag="001">991000772389705502</controlfield><controlfield tag="005">20230328200903.0</controlfield><controlfield tag="008">111206s2011    ru ||||| |||| 00| ||rus d</controlfield><datafield ind1=" " ind2=" " tag="020"><subfield code="a">9785397022958</subfield></datafield><datafield ind1=" " ind2=" " tag="035"><subfield code="a">(swissbib)115000186-41slsp_network</subfield></datafield><datafield ind1=" " ind2=" " tag="035"><subfield code="a">115000186</subfield><subfield code="9">ExL</subfield></datafield><datafield ind1=" " ind2=" " tag="035"><subfield code="a">(RERO)R006353436-41slsp</subfield></datafield><datafield ind1=" " ind2=" " tag="035"><subfield code="a">(EXLNZ-41SLSP_NETWORK)991002992399705501</subfield></datafield><datafield ind1=" " ind2=" " tag="040"><subfield code="a">SzZuIDS BS/BE B488</subfield><subfield code="d">CH-ZuSLS</subfield></datafield><datafield ind1=" " ind2="7" tag="072"><subfield code="a">ru</subfield><subfield code="2">rero</subfield></datafield><datafield ind1="1" ind2=" " tag="100"><subfield code="6">880-01</subfield><subfield code="a">Petruhina, Elena Vasilʹevna</subfield><subfield code="d">19..-....</subfield><subfield code="0">(IDREF)156777703</subfield><subfield code="4">cre</subfield></datafield><datafield ind1="1" ind2=" " tag="880"><subfield code="6">100-01/(N</subfield><subfield code="a">Петрухина, Елена Васильевна</subfield></datafield><datafield ind1="1" ind2="0" tag="245"><subfield code="6">880-02</subfield><subfield code="a">Aspektualʹnye kategorii glagola v russkom i︠a︡zyke v sopostavlenii s cheshskim, slovat︠s︡kim, polʹskim i bolgarskim i︠a︡zykami</subfield><subfield code="c">E.V. Petrukhina</subfield></datafield><datafield ind1="1" ind2="0" tag="880"><subfield code="6">245-02/(N</subfield><subfield code="a">Аспектуальные категории глагола в русском языке в сопоставлении с чешским, словацким, польским и болгарским языками</subfield><subfield code="c">Е.В. Петрухина</subfield></datafield><datafield ind1="1" ind2=" " tag="246"><subfield code="a">Aspektualʹnye kategorii glagola v russkom jazyke v sopostavlenii s češskim, slovackim, polʹskim i bolgarskim jazykami / E.V. Petruchina</subfield></datafield><datafield ind1=" " ind2=" " tag="250"><subfield code="6">880-03</subfield><subfield code="a">Izd. 2-e</subfield></datafield><datafield ind1=" " ind2=" " tag="880"><subfield code="6">250-03/(N</subfield><subfield code="a">Изд. 2-е</subfield></datafield><datafield ind1=" " ind2="1" tag="264"><subfield code="6">880-04</subfield><subfield code="a">Moskva</subfield><subfield code="b">Librokom</subfield><subfield code="c">2011</subfield></datafield><datafield ind1=" " ind2="1" tag="880"><subfield code="6">264-04/(N</subfield><subfield code="a">Москва</subfield><subfield code="b">Либроком</subfield><subfield code="c">2011</subfield></datafield><datafield ind1=" " ind2=" " tag="300"><subfield code="a">255 p.</subfield></datafield><datafield ind1=" " ind2=" " tag="336"><subfield code="b">txt</subfield><subfield code="2">rdacontent</subfield></datafield><datafield ind1=" " ind2=" " tag="337"><subfield code="b">n</subfield><subfield code="2">rdamedia</subfield></datafield><datafield ind1=" " ind2=" " tag="338"><subfield code="b">nc</subfield><subfield code="2">rdacarrier</subfield></datafield><datafield ind1=" " ind2=" " tag="500"><subfield code="a">Moskovskij gosudarstvennyj universitet imeni M.V. Lomonosova. Filologičeskij fakulʹtet</subfield></datafield><datafield ind1=" " ind2=" " tag="500"><subfield code="a">Московский государственный университет имени М.В. Ломоносова. Филологический факультет</subfield></datafield><datafield ind1=" " ind2="7" tag="650"><subfield code="a">Langues slaves</subfield><subfield code="0">(IDREF)027236331</subfield><subfield code="2">idref</subfield></datafield><datafield ind1=" " ind2="7" tag="650"><subfield code="a">Verbes</subfield><subfield code="0">(IDREF)028663047</subfield><subfield code="2">idref</subfield></datafield><datafield ind1=" " ind2="7" tag="650"><subfield code="a">Aspect (linguistique)</subfield><subfield code="0">(IDREF)027582221</subfield><subfield code="2">idref</subfield></datafield><datafield ind1=" " ind2=" " tag="900"><subfield code="a">REROnoselfmerge</subfield></datafield></record>
</metadata></record>