<record><header><identifier>oai:alma.41SLSP_UGE:991000772179705502</identifier><datestamp>2024-04-05T00:24:26Z</datestamp><setSpec>uge_bcen_RapidILL_BOOK</setSpec><setSpec>uge_aaca_RapidILL_BOOK</setSpec><setSpec>uge_abels_RapidILL_BOOK</setSpec><setSpec>uge_dbu_RapidILL_BOOK</setSpec><setSpec>uge_cmu_RapidILL_BOOK</setSpec><setSpec>uge_mail_RapidILL_BOOK</setSpec><setSpec>uge_abbat_RapidILL_BOOK</setSpec><setSpec>UNIGE_ALL</setSpec><setSpec>uge_acar_RapidILL_BOOK</setSpec><setSpec>uge_aobs_RapidILL_BOOK</setSpec></header><metadata>
<record xmlns="http://www.loc.gov/MARC21/slim" xmlns:xsi="http://www.w3.org/2001/XMLSchema-instance" xsi:schemaLocation="http://www.loc.gov/MARC21/slim http://www.loc.gov/standards/marcxml/schema/MARC21slim.xsd"><leader>04045nam a2200517 c 4500</leader><controlfield tag="001">991000772179705502</controlfield><controlfield tag="005">20240404163003.0</controlfield><controlfield tag="008">201011s2013    gw ||||| |||| 00| ||ger d</controlfield><datafield ind1=" " ind2=" " tag="020"><subfield code="a">9783406640902</subfield></datafield><datafield ind1=" " ind2=" " tag="035"><subfield code="a">(swissbib)219248842-41slsp_network</subfield></datafield><datafield ind1=" " ind2=" " tag="035"><subfield code="a">219248842</subfield><subfield code="9">ExL</subfield></datafield><datafield ind1=" " ind2=" " tag="035"><subfield code="a">(RERO)R007685915-41slsp</subfield></datafield><datafield ind1=" " ind2=" " tag="035"><subfield code="a">(IDSSG)000563784HSB01</subfield></datafield><datafield ind1=" " ind2=" " tag="035"><subfield code="a">(EXLNZ-41SLSP_NETWORK)991140807779705501</subfield></datafield><datafield ind1=" " ind2=" " tag="040"><subfield code="a">RERO geubfd</subfield><subfield code="d">CH-ZuSLS</subfield></datafield><datafield ind1=" " ind2="7" tag="072"><subfield code="a">dr</subfield><subfield code="2">rero</subfield></datafield><datafield ind1="7" ind2="4" tag="082"><subfield code="a">340</subfield><subfield code="2">23sdnb</subfield></datafield><datafield ind1=" " ind2=" " tag="084"><subfield code="a">CA/D 55 b</subfield><subfield code="2">cjurrom</subfield></datafield><datafield ind1="1" ind2=" " tag="100"><subfield code="a">Hoyningen-Huene, Gerrick von</subfield><subfield code="d">1944-....</subfield><subfield code="0">(IDREF)031645321</subfield><subfield code="4">cre</subfield></datafield><datafield ind1="1" ind2="0" tag="245"><subfield code="a">Kündigungsschutzgesetz</subfield><subfield code="b">Kommentar</subfield><subfield code="c">von Gerrick v. Hoyningen-Huene, Rüdiger Linck und Rüdiger Krause</subfield></datafield><datafield ind1="1" ind2="8" tag="246"><subfield code="a">KSchG</subfield></datafield><datafield ind1=" " ind2=" " tag="250"><subfield code="a">15., völlig neubearb. Auflage</subfield><subfield code="b">des von Alfred Hueck begründ. u. bis zur 10. Aufl. von Götz Hueck fortgeführten Werkes</subfield></datafield><datafield ind1=" " ind2="1" tag="264"><subfield code="a">München</subfield><subfield code="b">C.H. Beck</subfield><subfield code="c">2013</subfield></datafield><datafield ind1=" " ind2=" " tag="300"><subfield code="a">890 p.</subfield></datafield><datafield ind1=" " ind2=" " tag="336"><subfield code="b">txt</subfield><subfield code="2">rdacontent</subfield></datafield><datafield ind1=" " ind2=" " tag="337"><subfield code="b">n</subfield><subfield code="2">rdamedia</subfield></datafield><datafield ind1=" " ind2=" " tag="338"><subfield code="b">nc</subfield><subfield code="2">rdacarrier</subfield></datafield><datafield ind1="1" ind2=" " tag="490"><subfield code="a">Beck'sche Kommentare zum Arbeitsrecht</subfield><subfield code="v">Bd 23</subfield></datafield><datafield ind1="1" ind2="7" tag="610"><subfield code="a">Deutschland</subfield><subfield code="t">Kündigungsschutzgesetz</subfield><subfield code="0">(DE-588)4165879-6</subfield><subfield code="2">gnd</subfield></datafield><datafield ind1=" " ind2="7" tag="650"><subfield code="a">Droit du travail</subfield><subfield code="0">(IDREF)050573063</subfield><subfield code="2">idref</subfield></datafield><datafield ind1=" " ind2="7" tag="650"><subfield code="a">Licenciement</subfield><subfield code="0">(IDREF)02854854X</subfield><subfield code="2">idref</subfield></datafield><datafield ind1=" " ind2="7" tag="651"><subfield code="a">Allemagne</subfield><subfield code="0">(IDREF)027218856</subfield><subfield code="2">idref</subfield></datafield><datafield ind1=" " ind2="7" tag="655"><subfield code="a">Commentaire de texte</subfield><subfield code="0">(IDREF)27790681</subfield><subfield code="2">idref</subfield></datafield><datafield ind1=" " ind2="7" tag="655"><subfield code="a">Kommentar</subfield><subfield code="2">gnd-content</subfield></datafield><datafield ind1=" " ind2=" " tag="690"><subfield code="a">Kündigungsschutz; Entlassung; Beschäftigungsförderungsgesetz; Betriebsverfassung; Arbeitsverhältnis; Auflösung; Hochschule; Bundesarbeitsgericht; Entscheidung; Abfindung; Agentur; Reform; Arbeitnehmer; Entwicklung; Arbeitsbedingungen; Verzeichnis; Hochschullehrer; Anrufung; Kurzarbeit; Urteil; Wiederherstellung; Auflage; Arbeitskampf; Arbeitsmarkt; Kommentar; Anpassung; Einleitung; Klage; Unternehmensziel</subfield><subfield code="2">idssg-J</subfield></datafield><datafield ind1=" " ind2=" " tag="690"><subfield code="a">Bundesagentur; Abfindungsanspruch; Arbeitsrechtsbereinigungsgesetz; Dienstrecht; Änderungsgesetz; Änderungskündigung; Entlassungssperre; Neufassung; Reformbestrebung; Abkürzungsverzeichnis; Ausnahmebetrieb; Gesetzestext; Kündigungseinspruch; Literaturverzeichnis; Sachverzeichnis; Schlussbestimmung; Wirksamwerden; Anrufungsfrist</subfield><subfield code="2">idssg-J</subfield></datafield><datafield ind1=" " ind2=" " tag="690"><subfield code="a">sittenwidrige Kündigung; 12neues Arbeitsverhältnis; allgemeiner Kündigungsschutz; altes Arbeitsverhältnis; anzeigepflichtige Entlassung; arbeitsrechtliches Beschäftigungsförderungsgesetz; bearbeitete Auflage; betriebsbedingte Kündigung; dritter Abschnitt; erster Abschnitt; fortgeführtes Werk; frühe Arbeitsbedingung; leitende Stellung; moderne Dienstleistung; moderne Reform; neues Arbeitsverhältnis; sonstige Kündigung; sonstiger Kündigungsschutz; ungerechtfertigte Kündigung; verlängerte Anrufungsfrist; verspätete Klage; vierter Abschnitt; weitere Entwicklung; zweiter Abschnitt</subfield><subfield code="2">idssg-J</subfield></datafield><datafield ind1=" " ind2=" " tag="690"><subfield code="a">Bayern C4EUGE; Deutschland C4EUGE; Hessen C4EUGE</subfield><subfield code="2">idssg-J</subfield></datafield><datafield ind1=" " ind2=" " tag="690"><subfield code="a">Abkürzungsverzeichnis Literaturverzeichnis Gesetzestext Kündigungsschutzgesetz; Alfred Hueck; Ausnahmebetrieb Vierter Abschnitt Schlussbestimmungen; Dr. Dr; Dr. Gerrick; Dr. Rüdiger Krause; Dr. Rüdiger Linck; dritt Abschnitt Anzeigepflichtige Entlassungen; erst Abschnitt Allgemeiner Kündigungsschutz; Götz Hueck; KSchG Einleitung Entwicklung; Law School; neu Arbeitsverhältnis Auflösung; Stellung Zweiter Abschnitt Kündigungsschutz; Universität Heidelberg Dekan; Universität Wiesbaden Dr Rüdiger Linck Richter; Werk Beck München</subfield><subfield code="2">idssg-J</subfield></datafield><datafield ind1="1" ind2=" " tag="700"><subfield code="a">Hueck, Alfred</subfield></datafield><datafield ind1="1" ind2=" " tag="700"><subfield code="a">Hueck, Götz</subfield></datafield><datafield ind1="1" ind2=" " tag="700"><subfield code="a">Linck, Rüdiger</subfield><subfield code="0">(IDREF)032780133</subfield></datafield><datafield ind1="1" ind2=" " tag="700"><subfield code="a">Krause, Rüdiger</subfield><subfield code="c">juriste</subfield><subfield code="d">1961-....</subfield><subfield code="0">(IDREF)103164855</subfield></datafield><datafield ind1="1" ind2=" " tag="710"><subfield code="a">Deutschland</subfield><subfield code="0">(DE-588)4011882-4</subfield></datafield><datafield ind1="4" ind2=" " tag="856"><subfield code="u">https://tools.unisg.ch/url/hm00405463</subfield><subfield code="z">Inhaltsverzeichnis</subfield></datafield><datafield ind1=" " ind2="0" tag="830"><subfield code="a">Beck'sche Kommentare zum Arbeitsrecht</subfield><subfield code="v">23</subfield><subfield code="w">(RERO)0084400-41slsp</subfield></datafield><datafield ind1=" " ind2=" " tag="949"><subfield code="a">https://tools.unisg.ch/url/hm00405463</subfield></datafield></record>
</metadata></record>