<record><header><identifier>oai:alma.41SLSP_UGE:991000771969705502</identifier><datestamp>2023-03-29T00:19:24Z</datestamp><setSpec>uge_bcen_RapidILL_BOOK</setSpec><setSpec>uge_aaca_RapidILL_BOOK</setSpec><setSpec>uge_abels_RapidILL_BOOK</setSpec><setSpec>uge_dbu_RapidILL_BOOK</setSpec><setSpec>uge_cmu_RapidILL_BOOK</setSpec><setSpec>uge_mail_RapidILL_BOOK</setSpec><setSpec>uge_abbat_RapidILL_BOOK</setSpec><setSpec>UNIGE_ALL</setSpec><setSpec>uge_acar_RapidILL_BOOK</setSpec><setSpec>uge_aobs_RapidILL_BOOK</setSpec></header><metadata>
<record xmlns="http://www.loc.gov/MARC21/slim" xmlns:xsi="http://www.w3.org/2001/XMLSchema-instance" xsi:schemaLocation="http://www.loc.gov/MARC21/slim http://www.loc.gov/standards/marcxml/schema/MARC21slim.xsd"><leader>02763nam a2200397 c 4500</leader><controlfield tag="001">991000771969705502</controlfield><controlfield tag="005">20230328213548.0</controlfield><controlfield tag="008">170427s2017    fr ||||| |||| 00| ||fre d</controlfield><datafield ind1=" " ind2=" " tag="020"><subfield code="a">9791034600113</subfield></datafield><datafield ind1="7" ind2=" " tag="024"><subfield code="a">http://catalogue.bnf.fr/ark:/12148/cb45325007q</subfield><subfield code="2">uri</subfield></datafield><datafield ind1=" " ind2=" " tag="035"><subfield code="a">(swissbib)123813883-41slsp_network</subfield></datafield><datafield ind1=" " ind2=" " tag="035"><subfield code="a">123813883</subfield><subfield code="9">ExL</subfield></datafield><datafield ind1=" " ind2=" " tag="035"><subfield code="a">(RERO)R008635706-41slsp</subfield></datafield><datafield ind1=" " ind2=" " tag="035"><subfield code="a">(EXLNZ-41SLSP_NETWORK)991019174209705501</subfield></datafield><datafield ind1=" " ind2=" " tag="040"><subfield code="a">RERO vshevs</subfield><subfield code="d">CH-ZuSLS</subfield></datafield><datafield ind1=" " ind2="7" tag="072"><subfield code="a">ps</subfield><subfield code="2">rero</subfield></datafield><datafield ind1=" " ind2="7" tag="072"><subfield code="a">pe</subfield><subfield code="2">rero</subfield></datafield><datafield ind1="1" ind2=" " tag="080"><subfield code="a">159.942</subfield></datafield><datafield ind1="1" ind2=" " tag="100"><subfield code="a">Janner-Raimondi, Martine</subfield><subfield code="c">professeure des universités en sciences de l'éducation</subfield><subfield code="d">1959-....</subfield><subfield code="0">(IDREF)102801134</subfield><subfield code="4">cre</subfield></datafield><datafield ind1="1" ind2="0" tag="245"><subfield code="a">Visages de l'empathie en éducation</subfield><subfield code="c">Martine Janner-Raimondi</subfield></datafield><datafield ind1=" " ind2="1" tag="264"><subfield code="a">Nîmes</subfield><subfield code="b">Champ social</subfield><subfield code="c">2017</subfield></datafield><datafield ind1=" " ind2=" " tag="300"><subfield code="a">202 p.</subfield></datafield><datafield ind1=" " ind2=" " tag="336"><subfield code="b">txt</subfield><subfield code="2">rdacontent</subfield></datafield><datafield ind1=" " ind2=" " tag="337"><subfield code="b">n</subfield><subfield code="2">rdamedia</subfield></datafield><datafield ind1=" " ind2=" " tag="338"><subfield code="b">nc</subfield><subfield code="2">rdacarrier</subfield></datafield><datafield ind1="0" ind2=" " tag="490"><subfield code="a">Les besoins éducatifs et pédagogiques particuliers</subfield></datafield><datafield ind1=" " ind2=" " tag="504"><subfield code="a">Bibliogr. : p. 185-202</subfield></datafield><datafield ind1="8" ind2=" " tag="520"><subfield code="a">L'empathie, concept poreux aux vastes étendues théoriques, rencontre aujourd'hui un vif succès dans des domaines aussi variés que l'éducation/formation et le management. Mais, quelle est-elle ? Une donnée anthropologique fondamentale de l'être humain, un levier d'éducation à la civilité, voire à l'humanité par-delà les frontières nationales, une arme de stratégie persuasive, une compétence professionnelle nécessaire ? Dans le contexte actuel néolibéral, où logique gestionnaire et technocratique et &quot;bio-pouvoir&quot; usent de rhétoriques habiles à masquer son utilitarisme idéologique, il importe d'autant de chercher à comprendre le sens et les enjeux de l'empathie, à travers plusieurs auteurs et dans plusieurs champs disciplinaires, en privilégiant toutefois la philosophie. Il s'agit ensuite d'en repérer les contours à travers les visages de ceux qui la mettent en pratique, notamment dans le cadre des activités conduites pour accueillir un jeune enfant en situation de handicap. Enfin, il est question d'appréhender une théorisation des étapes du processus d'empathie visant à en approcher son opérationnalité in situ. (4e de couv.)</subfield><subfield code="5">RERO/njhep-/02.2018</subfield></datafield><datafield ind1=" " ind2="7" tag="650"><subfield code="a">Empathie</subfield><subfield code="0">(IDREF)027843084</subfield><subfield code="2">idref</subfield></datafield><datafield ind1=" " ind2="7" tag="650"><subfield code="a">Philosophie</subfield><subfield code="0">(IDREF)027295206</subfield><subfield code="2">idref</subfield></datafield><datafield ind1=" " ind2="7" tag="650"><subfield code="a">Enfants handicapés</subfield><subfield code="0">(IDREF)027225305</subfield><subfield code="2">idref</subfield></datafield><datafield ind1=" " ind2="7" tag="650"><subfield code="a">Enseignement préscolaire</subfield><subfield code="0">(IDREF)028629639</subfield><subfield code="2">idref</subfield></datafield><datafield ind1=" " ind2="7" tag="650"><subfield code="a">Intégration scolaire</subfield><subfield code="0">(IDREF)027616908</subfield><subfield code="2">idref</subfield></datafield><datafield ind1=" " ind2="7" tag="650"><subfield code="a">Éducation des enfants</subfield><subfield code="0">(IDREF)027354865</subfield><subfield code="2">idref</subfield></datafield><datafield ind1=" " ind2="7" tag="650"><subfield code="a">Éducation spéciale</subfield><subfield code="0">(IDREF)04865163X</subfield><subfield code="2">idref</subfield></datafield><datafield ind1="4" ind2="1" tag="856"><subfield code="3">Texte intégral</subfield><subfield code="u">http://www.champsocial.com/book-visages_de_l_empathie_en_education,969.html</subfield><subfield code="z">Accès réservé aux abonnés</subfield></datafield><datafield ind1=" " ind2=" " tag="900"><subfield code="a">REROnoselfmerge</subfield></datafield></record>
</metadata></record>