<record><header><identifier>oai:alma.41SLSP_UGE:991000771759705502</identifier><datestamp>2023-03-01T01:10:02Z</datestamp><setSpec>uge_bcen_RapidILL_BOOK</setSpec><setSpec>uge_aaca_RapidILL_BOOK</setSpec><setSpec>uge_abels_RapidILL_BOOK</setSpec><setSpec>uge_dbu_RapidILL_BOOK</setSpec><setSpec>uge_cmu_RapidILL_BOOK</setSpec><setSpec>uge_mail_RapidILL_BOOK</setSpec><setSpec>UNIGE_ALL</setSpec><setSpec>uge_abbat_RapidILL_BOOK</setSpec><setSpec>uge_aobs_RapidILL_BOOK</setSpec><setSpec>uge_acar_RapidILL_BOOK</setSpec></header><metadata>
<record xmlns="http://www.loc.gov/MARC21/slim" xmlns:xsi="http://www.w3.org/2001/XMLSchema-instance" xsi:schemaLocation="http://www.loc.gov/MARC21/slim http://www.loc.gov/standards/marcxml/schema/MARC21slim.xsd"><leader>01268nam a2200325 c 4500</leader><controlfield tag="001">991000771759705502</controlfield><controlfield tag="005">20211122125435.0</controlfield><controlfield tag="008">940221s1988    ne ||||| |||| 00| ||eng d</controlfield><datafield ind1=" " ind2=" " tag="020"><subfield code="a">9051830130</subfield></datafield><datafield ind1="7" ind2=" " tag="024"><subfield code="a">http://catalogue.bnf.fr/ark:/12148/cb374152589</subfield><subfield code="2">uri</subfield></datafield><datafield ind1=" " ind2=" " tag="035"><subfield code="a">(swissbib)088475565-41slsp_network</subfield></datafield><datafield ind1=" " ind2=" " tag="035"><subfield code="a">088475565</subfield><subfield code="9">ExL</subfield></datafield><datafield ind1=" " ind2=" " tag="035"><subfield code="a">(RERO)1815510-41slsp</subfield></datafield><datafield ind1=" " ind2=" " tag="035"><subfield code="a">(EXLNZ-41SLSP_NETWORK)991040140109705501</subfield></datafield><datafield ind1=" " ind2=" " tag="040"><subfield code="a">RERO geuieg</subfield><subfield code="d">CH-ZuSLS</subfield></datafield><datafield ind1=" " ind2="7" tag="072"><subfield code="a">sp</subfield><subfield code="2">rero</subfield></datafield><datafield ind1="0" ind2="0" tag="245"><subfield code="a">Britain in Europe</subfield><subfield code="c">ed. by A. Boxhoorn, J.Th. Leerssen and M. Spiering</subfield></datafield><datafield ind1=" " ind2="1" tag="264"><subfield code="a">Amsterdam</subfield><subfield code="b">Rodopi</subfield><subfield code="c">1988</subfield></datafield><datafield ind1=" " ind2=" " tag="300"><subfield code="a">XII, 210 p.</subfield><subfield code="c">23 cm</subfield></datafield><datafield ind1=" " ind2=" " tag="336"><subfield code="b">txt</subfield><subfield code="2">rdacontent</subfield></datafield><datafield ind1=" " ind2=" " tag="337"><subfield code="b">n</subfield><subfield code="2">rdamedia</subfield></datafield><datafield ind1=" " ind2=" " tag="338"><subfield code="b">nc</subfield><subfield code="2">rdacarrier</subfield></datafield><datafield ind1="1" ind2=" " tag="490"><subfield code="a">Yearbook of European studies</subfield><subfield code="v">1</subfield></datafield><datafield ind1=" " ind2="7" tag="651"><subfield code="a">Grande-Bretagne</subfield><subfield code="0">(IDREF)027228231</subfield><subfield code="2">idref</subfield></datafield><datafield ind1=" " ind2="7" tag="651"><subfield code="a">Europe</subfield><subfield code="x">Unité</subfield><subfield code="0">(IDREF)027495892</subfield><subfield code="2">idref</subfield></datafield><datafield ind1=" " ind2="7" tag="655"><subfield code="a">[Études diverses]</subfield><subfield code="0">(RERO)A022249905</subfield><subfield code="2">rero</subfield></datafield><datafield ind1="1" ind2=" " tag="700"><subfield code="a">Boxhoorn, A</subfield><subfield code="0">(RERO)A003034789</subfield></datafield><datafield ind1="1" ind2=" " tag="700"><subfield code="a">Leerssen, Joseph Theodoor</subfield><subfield code="d">1955-....</subfield><subfield code="0">(IDREF)028503287</subfield></datafield><datafield ind1="1" ind2=" " tag="700"><subfield code="a">Spiering, Menno</subfield><subfield code="d">19..-....</subfield><subfield code="0">(IDREF)033182655</subfield></datafield><datafield ind1=" " ind2="0" tag="830"><subfield code="a">Yearbook of European studies = Annuaire d'études européennes / ed. for the Department of European Studies at the University of Amsterdam</subfield><subfield code="v">1</subfield></datafield><datafield ind1=" " ind2=" " tag="900"><subfield code="a">REROnoselfmerge</subfield></datafield><datafield ind1=" " ind2=" " tag="961"><subfield code="2">gsi</subfield><subfield code="a">942</subfield><subfield code="9">LOCAL</subfield></datafield></record>
</metadata></record>