<record><header><identifier>oai:alma.41SLSP_UGE:991000772489705502</identifier><datestamp>2024-07-20T00:51:44Z</datestamp><setSpec>uge_bcen_RapidILL_BOOK</setSpec><setSpec>uge_aaca_RapidILL_BOOK</setSpec><setSpec>uge_abels_RapidILL_BOOK</setSpec><setSpec>uge_dbu_RapidILL_BOOK</setSpec><setSpec>uge_cmu_RapidILL_BOOK</setSpec><setSpec>uge_mail_RapidILL_BOOK</setSpec><setSpec>uge_abbat_RapidILL_BOOK</setSpec><setSpec>UNIGE_ALL</setSpec><setSpec>uge_aobs_RapidILL_BOOK</setSpec><setSpec>uge_acar_RapidILL_BOOK</setSpec></header><metadata>
<record xmlns="http://www.loc.gov/MARC21/slim" xmlns:xsi="http://www.w3.org/2001/XMLSchema-instance" xsi:schemaLocation="http://www.loc.gov/MARC21/slim http://www.loc.gov/standards/marcxml/schema/MARC21slim.xsd"><leader>01582nam a2200409 c 4500</leader><controlfield tag="001">991000772489705502</controlfield><controlfield tag="005">20230422204035.0</controlfield><controlfield tag="008">901114r19831926sz ||||| |||| 00| ||fre d</controlfield><datafield ind1=" " ind2=" " tag="020"><subfield code="a">2903928029</subfield><subfield code="q">éd. complète</subfield></datafield><datafield ind1=" " ind2=" " tag="020"><subfield code="a">2903928037</subfield><subfield code="q">t. 1</subfield></datafield><datafield ind1=" " ind2=" " tag="020"><subfield code="a">2903928045</subfield><subfield code="q">t. 2</subfield></datafield><datafield ind1="7" ind2=" " tag="024"><subfield code="a">http://catalogue.bnf.fr/ark:/12148/cb34716687b</subfield><subfield code="2">uri</subfield></datafield><datafield ind1=" " ind2=" " tag="035"><subfield code="a">(swissbib)085111287-41slsp_network</subfield></datafield><datafield ind1=" " ind2=" " tag="035"><subfield code="a">085111287</subfield><subfield code="9">ExL</subfield></datafield><datafield ind1=" " ind2=" " tag="035"><subfield code="a">(RERO)1309438-41slsp</subfield></datafield><datafield ind1=" " ind2=" " tag="035"><subfield code="a">(EXLNZ-41SLSP_NETWORK)991052882119705501</subfield></datafield><datafield ind1=" " ind2=" " tag="040"><subfield code="a">RERO geulph</subfield><subfield code="d">CH-ZuSLS</subfield></datafield><datafield ind1=" " ind2=" " tag="044"><subfield code="a">sz</subfield><subfield code="c">ch-vd</subfield></datafield><datafield ind1=" " ind2="7" tag="072"><subfield code="a">ph</subfield><subfield code="2">rero</subfield></datafield><datafield ind1=" " ind2="7" tag="072"><subfield code="a">zo</subfield><subfield code="2">rero</subfield></datafield><datafield ind1="1" ind2=" " tag="100"><subfield code="a">Daudin, Henri</subfield><subfield code="d">1881-1947</subfield><subfield code="0">(IDREF)079240194</subfield><subfield code="4">cre</subfield></datafield><datafield ind1="1" ind2="0" tag="245"><subfield code="a">&lt;&lt;Les&gt;&gt; classes zoologiques et l'idée de série animale</subfield><subfield code="b">(1790-1830) : Cuvier et Lamarck</subfield><subfield code="c">par Henri Daudin</subfield></datafield><datafield ind1=" " ind2="1" tag="264"><subfield code="a">Montreux</subfield><subfield code="a">Paris</subfield><subfield code="b">Ed. des archives contemporaines</subfield><subfield code="c">1983</subfield></datafield><datafield ind1=" " ind2=" " tag="300"><subfield code="a">2 vol.</subfield><subfield code="c">21 cm</subfield></datafield><datafield ind1=" " ind2=" " tag="336"><subfield code="b">txt</subfield><subfield code="2">rdacontent</subfield></datafield><datafield ind1=" " ind2=" " tag="337"><subfield code="b">n</subfield><subfield code="2">rdamedia</subfield></datafield><datafield ind1=" " ind2=" " tag="338"><subfield code="b">nc</subfield><subfield code="2">rdacarrier</subfield></datafield><datafield ind1="1" ind2=" " tag="490"><subfield code="a">Réimpression</subfield></datafield><datafield ind1=" " ind2=" " tag="500"><subfield code="a">La couv. porte: Cuvier et Lamarck : les classes zoologiques et l'idée de série animale</subfield></datafield><datafield ind1=" " ind2=" " tag="534"><subfield code="p">Reprod. de l'éd. de:</subfield><subfield code="c">Paris : F. Alcan, 1926-1927</subfield></datafield><datafield ind1="1" ind2="7" tag="600"><subfield code="a">Cuvier, Georges</subfield><subfield code="c">anatomiste</subfield><subfield code="d">1769-1832</subfield><subfield code="0">(IDREF)030819121</subfield><subfield code="2">idref</subfield></datafield><datafield ind1="1" ind2="7" tag="600"><subfield code="a">Lamarck, Jean-Baptiste de Monet de</subfield><subfield code="d">1744-1829</subfield><subfield code="0">(IDREF)028105869</subfield><subfield code="2">idref</subfield></datafield><datafield ind1=" " ind2="7" tag="650"><subfield code="a">1790-1830</subfield><subfield code="2">rero</subfield></datafield><datafield ind1=" " ind2="7" tag="650"><subfield code="a">Animaux</subfield><subfield code="0">(IDREF)027243745</subfield><subfield code="2">idref</subfield></datafield><datafield ind1=" " ind2="7" tag="650"><subfield code="a">Classification</subfield><subfield code="0">(IDREF)02722337X</subfield><subfield code="2">idref</subfield></datafield><datafield ind1="1" ind2="2" tag="700"><subfield code="a">Daudin, Henri</subfield><subfield code="t">Cuvier et Lamarck : les classes zoologiques</subfield></datafield><datafield ind1=" " ind2="0" tag="830"><subfield code="a">Réimpression</subfield><subfield code="w">(RERO)0581268-41slsp</subfield></datafield><datafield ind1=" " ind2=" " tag="900"><subfield code="a">REROnoselfmerge</subfield></datafield></record>
</metadata></record>