<record><header><identifier>oai:alma.41SLSP_UGE:991000772289705502</identifier><datestamp>2024-10-17T00:10:23Z</datestamp><setSpec>uge_bcen_RapidILL_BOOK</setSpec><setSpec>uge_aaca_RapidILL_BOOK</setSpec><setSpec>uge_abels_RapidILL_BOOK</setSpec><setSpec>uge_dbu_RapidILL_BOOK</setSpec><setSpec>uge_cmu_RapidILL_BOOK</setSpec><setSpec>uge_mail_RapidILL_BOOK</setSpec><setSpec>uge_abbat_RapidILL_BOOK</setSpec><setSpec>UNIGE_ALL</setSpec><setSpec>uge_aobs_RapidILL_BOOK</setSpec><setSpec>uge_acar_RapidILL_BOOK</setSpec></header><metadata>
<record xmlns="http://www.loc.gov/MARC21/slim" xmlns:xsi="http://www.w3.org/2001/XMLSchema-instance" xsi:schemaLocation="http://www.loc.gov/MARC21/slim http://www.loc.gov/standards/marcxml/schema/MARC21slim.xsd"><leader>01516nam a2200337uc 4500</leader><controlfield tag="001">991000772289705502</controlfield><controlfield tag="005">20241016203259.0</controlfield><controlfield tag="008">201011s1981    xxk    |      10| ||eng|d</controlfield><datafield ind1=" " ind2=" " tag="020"><subfield code="a">0125186606</subfield></datafield><datafield ind1=" " ind2=" " tag="035"><subfield code="a">(swissbib)220541612-41slsp_network</subfield></datafield><datafield ind1=" " ind2=" " tag="035"><subfield code="a">220541612</subfield><subfield code="9">ExL</subfield></datafield><datafield ind1=" " ind2=" " tag="035"><subfield code="a">(NEBIS)000263554EBI01</subfield></datafield><datafield ind1=" " ind2=" " tag="035"><subfield code="a">(RERO)0860900-41slsp</subfield></datafield><datafield ind1=" " ind2=" " tag="035"><subfield code="a">(EXLNZ-41SLSP_NETWORK)991154458659705501</subfield></datafield><datafield ind1=" " ind2=" " tag="040"><subfield code="a">ETH-BIB</subfield><subfield code="b">ger</subfield><subfield code="e">ETHICS-ISBD</subfield><subfield code="d">CH-ZuSLS</subfield></datafield><datafield ind1=" " ind2="7" tag="072"><subfield code="a">bi</subfield><subfield code="2">rero</subfield></datafield><datafield ind1=" " ind2="7" tag="072"><subfield code="a">ch</subfield><subfield code="2">rero</subfield></datafield><datafield ind1="0" ind2="0" tag="245"><subfield code="a">Liposomes, drugs and immunocompetent cell functions</subfield><subfield code="b">proceedings of a conference; Grignon, 1-3 September 1980 : (also: Grignon Meeting on &quot;Liposomes in the study of drug activities and immunocompetent cell function&quot;)</subfield><subfield code="c">ed.: Claude Nicolau, Alain Paraf</subfield></datafield><datafield ind1=" " ind2="1" tag="264"><subfield code="a">London</subfield><subfield code="b">Academic Press</subfield><subfield code="c">1981</subfield></datafield><datafield ind1=" " ind2=" " tag="300"><subfield code="a">XIV, 194 p.</subfield><subfield code="c">24 cm</subfield><subfield code="b">fig.; 1 col.pl.; tab.</subfield></datafield><datafield ind1=" " ind2=" " tag="336"><subfield code="b">txt</subfield><subfield code="2">rdacontent</subfield></datafield><datafield ind1=" " ind2=" " tag="337"><subfield code="b">n</subfield><subfield code="2">rdamedia</subfield></datafield><datafield ind1=" " ind2=" " tag="338"><subfield code="b">nc</subfield><subfield code="2">rdacarrier</subfield></datafield><datafield ind1=" " ind2=" " tag="500"><subfield code="a">Congrès de biochimie. Grignon. 1980</subfield></datafield><datafield ind1=" " ind2="7" tag="650"><subfield code="a">LIPOSOMEN + MIZELLEN (ARZNEIFORMEN)</subfield><subfield code="9">ger</subfield><subfield code="0">(ETHUDK)000054081</subfield><subfield code="2">ethudk</subfield></datafield><datafield ind1=" " ind2="7" tag="650"><subfield code="a">PHARMAKODYNAMIK + ARZNEIMITTELWIRKUNG (PHARMAKOLOGIE)</subfield><subfield code="9">ger</subfield><subfield code="0">(ETHUDK)000026617</subfield><subfield code="2">ethudk</subfield></datafield><datafield ind1=" " ind2="7" tag="650"><subfield code="a">ZELLEN DES IMMUNSYSTEMS</subfield><subfield code="9">ger</subfield><subfield code="0">(ETHUDK)000038606</subfield><subfield code="2">ethudk</subfield></datafield><datafield ind1=" " ind2="7" tag="655"><subfield code="a">Konferenzschrift</subfield><subfield code="z">Thiverval-Grignon</subfield><subfield code="y">1980</subfield><subfield code="2">gnd-content</subfield></datafield><datafield ind1="1" ind2=" " tag="700"><subfield code="a">Paraf, Alain</subfield></datafield><datafield ind1="1" ind2=" " tag="700"><subfield code="a">Nicolau, Claude</subfield><subfield code="0">(IDREF)032403224</subfield></datafield><datafield ind1="2" ind2=" " tag="711"><subfield code="a">Meeting on Liposomes in the Study of Drug Activities and Immunocompetent Cell Function</subfield><subfield code="d">1980</subfield><subfield code="c">Grignon</subfield><subfield code="0">(DE-588)5085404-5</subfield></datafield><datafield ind1=" " ind2=" " tag="900"><subfield code="a">REROnoselfmerge</subfield></datafield></record>
</metadata></record>