<record><header><identifier>oai:alma.41SLSP_UGE:991000772599705502</identifier><datestamp>2023-03-28T00:14:56Z</datestamp><setSpec>uge_bcen_RapidILL_BOOK</setSpec><setSpec>uge_aaca_RapidILL_BOOK</setSpec><setSpec>uge_abels_RapidILL_BOOK</setSpec><setSpec>uge_dbu_RapidILL_BOOK</setSpec><setSpec>uge_cmu_RapidILL_BOOK</setSpec><setSpec>uge_mail_RapidILL_BOOK</setSpec><setSpec>uge_abbat_RapidILL_BOOK</setSpec><setSpec>UNIGE_ALL</setSpec><setSpec>uge_acar_RapidILL_BOOK</setSpec><setSpec>uge_aobs_RapidILL_BOOK</setSpec></header><metadata>
<record xmlns="http://www.loc.gov/MARC21/slim" xmlns:xsi="http://www.w3.org/2001/XMLSchema-instance" xsi:schemaLocation="http://www.loc.gov/MARC21/slim http://www.loc.gov/standards/marcxml/schema/MARC21slim.xsd"><leader>00995nam a2200277 c 4500</leader><controlfield tag="001">991000772599705502</controlfield><controlfield tag="005">20230327181815.0</controlfield><controlfield tag="008">010918s2001    xxk||||| |||| 00| ||eng d</controlfield><datafield ind1=" " ind2=" " tag="020"><subfield code="a">0415189640</subfield><subfield code="q">hbk.</subfield></datafield><datafield ind1=" " ind2=" " tag="020"><subfield code="a">0415189659</subfield><subfield code="q">pbk.</subfield></datafield><datafield ind1=" " ind2=" " tag="035"><subfield code="a">(swissbib)097153729-41slsp_network</subfield></datafield><datafield ind1=" " ind2=" " tag="035"><subfield code="a">097153729</subfield><subfield code="9">ExL</subfield></datafield><datafield ind1=" " ind2=" " tag="035"><subfield code="a">(RERO)R003091670-41slsp</subfield></datafield><datafield ind1=" " ind2=" " tag="035"><subfield code="a">(EXLNZ-41SLSP_NETWORK)991130850239705501</subfield></datafield><datafield ind1=" " ind2=" " tag="040"><subfield code="a">RERO labcud</subfield><subfield code="d">CH-ZuSLS</subfield></datafield><datafield ind1=" " ind2="7" tag="072"><subfield code="a">ur</subfield><subfield code="2">rero</subfield></datafield><datafield ind1="1" ind2=" " tag="100"><subfield code="a">Graham, Stephen</subfield><subfield code="d">1965-....</subfield><subfield code="0">(IDREF)058479821</subfield><subfield code="4">cre</subfield></datafield><datafield ind1="1" ind2="0" tag="245"><subfield code="a">Splintering urbanism</subfield><subfield code="b">networked infrastructures, technological mobilities and the urban condition</subfield><subfield code="c">Stephen Graham and Simon Marvin</subfield></datafield><datafield ind1=" " ind2="1" tag="264"><subfield code="a">London [etc.]</subfield><subfield code="b">Routledge</subfield><subfield code="c">2001</subfield></datafield><datafield ind1=" " ind2=" " tag="300"><subfield code="a">XX1X, 479 p.</subfield><subfield code="b">ill.</subfield><subfield code="c">26 cm</subfield></datafield><datafield ind1=" " ind2=" " tag="336"><subfield code="b">txt</subfield><subfield code="2">rdacontent</subfield></datafield><datafield ind1=" " ind2=" " tag="337"><subfield code="b">n</subfield><subfield code="2">rdamedia</subfield></datafield><datafield ind1=" " ind2=" " tag="338"><subfield code="b">nc</subfield><subfield code="2">rdacarrier</subfield></datafield><datafield ind1=" " ind2="7" tag="650"><subfield code="a">mobilité urbaine</subfield><subfield code="0">(RERO)A010118154</subfield><subfield code="2">rerovoc</subfield></datafield><datafield ind1=" " ind2="7" tag="650"><subfield code="a">Transports publics</subfield><subfield code="0">(IDREF)027253325</subfield><subfield code="2">idref</subfield></datafield><datafield ind1="1" ind2=" " tag="700"><subfield code="a">Marvin, Simon</subfield><subfield code="d">1963-....</subfield><subfield code="0">(IDREF)035395559</subfield></datafield><datafield ind1=" " ind2=" " tag="900"><subfield code="a">REROnoselfmerge</subfield></datafield></record>
</metadata></record>