<record><header><identifier>oai:alma.41SLSP_UGE:991000772079705502</identifier><datestamp>2024-05-18T03:28:33Z</datestamp><setSpec>uge_bcen_RapidILL_BOOK</setSpec><setSpec>uge_aaca_RapidILL_BOOK</setSpec><setSpec>uge_abels_RapidILL_BOOK</setSpec><setSpec>uge_dbu_RapidILL_BOOK</setSpec><setSpec>uge_cmu_RapidILL_BOOK</setSpec><setSpec>uge_mail_RapidILL_BOOK</setSpec><setSpec>uge_abbat_RapidILL_BOOK</setSpec><setSpec>UNIGE_ALL</setSpec><setSpec>uge_acar_RapidILL_BOOK</setSpec><setSpec>uge_aobs_RapidILL_BOOK</setSpec></header><metadata>
<record xmlns="http://www.loc.gov/MARC21/slim" xmlns:xsi="http://www.w3.org/2001/XMLSchema-instance" xsi:schemaLocation="http://www.loc.gov/MARC21/slim http://www.loc.gov/standards/marcxml/schema/MARC21slim.xsd"><leader>01590naa a22003017c 4500</leader><controlfield tag="001">991000772079705502</controlfield><controlfield tag="005">20230630221914.0</controlfield><controlfield tag="008">150518s2015    sz ||||| |||| 10| ||fre d</controlfield><datafield ind1=" " ind2=" " tag="035"><subfield code="a">(swissbib)121586707-41slsp_network</subfield></datafield><datafield ind1=" " ind2=" " tag="035"><subfield code="a">121586707</subfield><subfield code="9">ExL</subfield></datafield><datafield ind1=" " ind2=" " tag="035"><subfield code="a">(RERO)R008149063-41slsp</subfield></datafield><datafield ind1=" " ind2=" " tag="035"><subfield code="a">(EXLNZ-41SLSP_NETWORK)991143295889705501</subfield></datafield><datafield ind1=" " ind2=" " tag="040"><subfield code="a">RERO vdtrc-</subfield><subfield code="d">CH-ZuSLS</subfield></datafield><datafield ind1=" " ind2=" " tag="044"><subfield code="a">sz</subfield><subfield code="c">ch-zh</subfield></datafield><datafield ind1=" " ind2="7" tag="072"><subfield code="a">dr</subfield><subfield code="2">rero</subfield></datafield><datafield ind1=" " ind2=" " tag="084"><subfield code="a">CA/CH 65.1 i</subfield><subfield code="2">cjurrom</subfield></datafield><datafield ind1="1" ind2=" " tag="100"><subfield code="a">Walter, Jean-Philippe</subfield><subfield code="c">docteur en droit</subfield><subfield code="d">19..-....</subfield><subfield code="0">(IDREF)169087700</subfield><subfield code="4">cre</subfield></datafield><datafield ind1="1" ind2="0" tag="245"><subfield code="a">&lt;&lt;L'&gt;&gt;effectivité des mécanismes de mise en oeuvre de la protection des données</subfield><subfield code="b">le point de vue du Préposé fédéral à la protection des données et à la transparence (PFPDT), en bref</subfield><subfield code="c">Jean-Philippe Walter</subfield></datafield><datafield ind1=" " ind2=" " tag="336"><subfield code="b">txt</subfield><subfield code="2">rdacontent</subfield></datafield><datafield ind1=" " ind2=" " tag="337"><subfield code="b">n</subfield><subfield code="2">rdamedia</subfield></datafield><datafield ind1=" " ind2=" " tag="338"><subfield code="b">nc</subfield><subfield code="2">rdacarrier</subfield></datafield><datafield ind1=" " ind2=" " tag="580"><subfield code="a">In: La mise en oeuvre des droits des particuliers dans le domaine de la protection des données. - Zürich : Schulthess, 2015. - P. 115-123</subfield></datafield><datafield ind1=" " ind2="7" tag="650"><subfield code="a">Datenschutz</subfield><subfield code="9">ger</subfield><subfield code="0">(RERO)jurivoc000005314ger</subfield><subfield code="2">jurivoc</subfield></datafield><datafield ind1=" " ind2="7" tag="650"><subfield code="a">Transparenzprinzip</subfield><subfield code="9">ger</subfield><subfield code="0">(RERO)jurivoc000022622ger</subfield><subfield code="2">jurivoc</subfield></datafield><datafield ind1=" " ind2="7" tag="650"><subfield code="a">Datenschutzbeauftragter</subfield><subfield code="9">ger</subfield><subfield code="0">(RERO)jurivoc000005315ger</subfield><subfield code="2">jurivoc</subfield></datafield><datafield ind1=" " ind2="7" tag="650"><subfield code="a">Meinung</subfield><subfield code="9">ger</subfield><subfield code="0">(RERO)jurivoc000014887ger</subfield><subfield code="2">jurivoc</subfield></datafield><datafield ind1=" " ind2="7" tag="650"><subfield code="a">Vollzug des Bundesrechts</subfield><subfield code="9">ger</subfield><subfield code="0">(RERO)jurivoc000025649ger</subfield><subfield code="2">jurivoc</subfield></datafield><datafield ind1=" " ind2="7" tag="651"><subfield code="a">Schweiz</subfield><subfield code="9">ger</subfield><subfield code="0">(RERO)jurivoc000019912ger</subfield><subfield code="2">jurivoc</subfield></datafield><datafield ind1="0" ind2=" " tag="773"><subfield code="t">Durchsetzung der Rechte der Betroffenen im Bereich des Datenschutzes = La mise en oeuvre des droits des particuliers dans le domaine de la protection des données</subfield><subfield code="g">115</subfield><subfield code="w">(RERO)R008088869-41slsp</subfield></datafield></record>
</metadata></record>