<record><header><identifier>oai:alma.41SLSP_UGE:991000771959705502</identifier><datestamp>2023-06-06T00:10:54Z</datestamp><setSpec>UNIGE_ALL</setSpec></header><metadata>
<record xmlns="http://www.loc.gov/MARC21/slim" xmlns:xsi="http://www.w3.org/2001/XMLSchema-instance" xsi:schemaLocation="http://www.loc.gov/MARC21/slim http://www.loc.gov/standards/marcxml/schema/MARC21slim.xsd"><leader>01557ngm a2200337 c 4500</leader><controlfield tag="001">991000771959705502</controlfield><controlfield tag="005">20230605204627.0</controlfield><controlfield tag="007">vd |v||||</controlfield><controlfield tag="008">170627s2016    pl ||| |          v|fre d</controlfield><datafield ind1=" " ind2=" " tag="035"><subfield code="a">(swissbib)123970792-41slsp_network</subfield></datafield><datafield ind1=" " ind2=" " tag="035"><subfield code="a">123970792</subfield><subfield code="9">ExL</subfield></datafield><datafield ind1=" " ind2=" " tag="035"><subfield code="a">(RERO)R008673319-41slsp</subfield></datafield><datafield ind1=" " ind2=" " tag="035"><subfield code="a">(EXLNZ-41SLSP_NETWORK)991107182789705501</subfield></datafield><datafield ind1=" " ind2=" " tag="040"><subfield code="a">RERO geumem</subfield><subfield code="d">CH-ZuSLS</subfield></datafield><datafield ind1="0" ind2=" " tag="041"><subfield code="a">fre</subfield><subfield code="a">pol</subfield></datafield><datafield ind1=" " ind2="7" tag="072"><subfield code="a">ht</subfield><subfield code="2">rero</subfield></datafield><datafield ind1="0" ind2="0" tag="245"><subfield code="a">Lech Walesa, un portrait</subfield><subfield code="c">un film écrit et réal. par Andrzej Fidyk</subfield></datafield><datafield ind1=" " ind2="1" tag="264"><subfield code="a">[Varsovie]</subfield><subfield code="b">Scorpio Studio [prod.]</subfield><subfield code="c">2016</subfield></datafield><datafield ind1=" " ind2=" " tag="300"><subfield code="a">1 DVD-R (56 min.)</subfield></datafield><datafield ind1=" " ind2=" " tag="336"><subfield code="b">tdi</subfield><subfield code="2">rdacontent</subfield></datafield><datafield ind1=" " ind2=" " tag="337"><subfield code="b">v</subfield><subfield code="2">rdamedia</subfield></datafield><datafield ind1=" " ind2=" " tag="338"><subfield code="b">vd</subfield><subfield code="2">rdacarrier</subfield></datafield><datafield ind1="0" ind2=" " tag="490"><subfield code="a">Histoire vivante</subfield></datafield><datafield ind1=" " ind2=" " tag="500"><subfield code="a">Diffusé sur RTSdeux, le 30 avril 2017</subfield></datafield><datafield ind1="8" ind2=" " tag="520"><subfield code="a">Lorsque Lech Walesa, moitié paysan, moitié ouvrier, prend la tête de la grève des chantiers navals de Gdansk en Pologne en 1980, 10 millions de personnes le rejoignent. Cette brèche conduira finalement en 1989 au premier renversement pacifique d'un régime communiste. Au cours de sa carrière, Lech Walesa a tout connu, de l'adoration à la haine en passant par l'humiliation. (RTS)</subfield><subfield code="5">RERO/frvhep/05.2017</subfield></datafield><datafield ind1="1" ind2="7" tag="600"><subfield code="a">Wałęsa, Lech</subfield><subfield code="d">1943-....</subfield><subfield code="0">(IDREF)028676149</subfield><subfield code="2">idref</subfield></datafield><datafield ind1=" " ind2="7" tag="650"><subfield code="a">Syndicalistes</subfield><subfield code="0">(IDREF)027437299</subfield><subfield code="2">idref</subfield></datafield><datafield ind1=" " ind2="7" tag="650"><subfield code="a">Syndicalisme révolutionnaire</subfield><subfield code="0">(IDREF)031142729</subfield><subfield code="2">idref</subfield></datafield><datafield ind1=" " ind2="7" tag="650"><subfield code="a">Hommes d'État</subfield><subfield code="0">(IDREF)028928458</subfield><subfield code="2">idref</subfield></datafield><datafield ind1=" " ind2="7" tag="651"><subfield code="a">Pologne</subfield><subfield code="0">(IDREF)027243222</subfield><subfield code="2">idref</subfield></datafield><datafield ind1=" " ind2="7" tag="655"><subfield code="a">DVD</subfield><subfield code="0">(IDREF)035108444</subfield><subfield code="2">idref</subfield></datafield><datafield ind1="1" ind2=" " tag="700"><subfield code="a">Fidyk, Andrzej</subfield><subfield code="0">(RERO)A026931373</subfield></datafield></record>
</metadata></record>