<record><header><identifier>oai:alma.41SLSP_UGE:991000772479705502</identifier><datestamp>2023-03-01T01:10:02Z</datestamp><setSpec>uge_bcen_RapidILL_BOOK</setSpec><setSpec>uge_aaca_RapidILL_BOOK</setSpec><setSpec>uge_abels_RapidILL_BOOK</setSpec><setSpec>uge_dbu_RapidILL_BOOK</setSpec><setSpec>uge_cmu_RapidILL_BOOK</setSpec><setSpec>uge_mail_RapidILL_BOOK</setSpec><setSpec>UNIGE_ALL</setSpec><setSpec>uge_abbat_RapidILL_BOOK</setSpec><setSpec>uge_aobs_RapidILL_BOOK</setSpec><setSpec>uge_acar_RapidILL_BOOK</setSpec></header><metadata>
<record xmlns="http://www.loc.gov/MARC21/slim" xmlns:xsi="http://www.w3.org/2001/XMLSchema-instance" xsi:schemaLocation="http://www.loc.gov/MARC21/slim http://www.loc.gov/standards/marcxml/schema/MARC21slim.xsd"><leader>01498nam a2200421 c 4500</leader><controlfield tag="001">991000772479705502</controlfield><controlfield tag="005">20201231121722.0</controlfield><controlfield tag="008">201012s1980    sw ||||| |||| 00| ||swe d</controlfield><datafield ind1=" " ind2=" " tag="020"><subfield code="a">9185058319</subfield></datafield><datafield ind1=" " ind2=" " tag="035"><subfield code="a">(swissbib)233218238-41slsp_network</subfield></datafield><datafield ind1=" " ind2=" " tag="035"><subfield code="a">233218238</subfield><subfield code="9">ExL</subfield></datafield><datafield ind1=" " ind2=" " tag="035"><subfield code="a">(RERO)0323159-41slsp</subfield></datafield><datafield ind1=" " ind2=" " tag="035"><subfield code="a">(NEBIS)009455494EBI01</subfield></datafield><datafield ind1=" " ind2=" " tag="035"><subfield code="a">(IDSBB)003411844DSV01</subfield></datafield><datafield ind1=" " ind2=" " tag="035"><subfield code="a">(EXLNZ-41SLSP_NETWORK)991121220229705501</subfield></datafield><datafield ind1=" " ind2=" " tag="040"><subfield code="a">RERO</subfield><subfield code="d">CH-ZuSLS</subfield></datafield><datafield ind1="1" ind2=" " tag="041"><subfield code="a">swe</subfield><subfield code="h">lat</subfield></datafield><datafield ind1=" " ind2=" " tag="050"><subfield code="a">PA6411</subfield><subfield code="b">.A54 1980</subfield></datafield><datafield ind1=" " ind2="7" tag="072"><subfield code="a">ar</subfield><subfield code="2">rero</subfield></datafield><datafield ind1="1" ind2=" " tag="080"><subfield code="a">871HORA8</subfield></datafield><datafield ind1="0" ind2="4" tag="082"><subfield code="a">913.3</subfield><subfield code="b">St942, no.14</subfield></datafield><datafield ind1=" " ind2=" " tag="084"><subfield code="a">FX 181002</subfield><subfield code="2">rvk</subfield></datafield><datafield ind1="1" ind2=" " tag="100"><subfield code="a">Horatius Flaccus, Quintus</subfield><subfield code="d">v65-v8</subfield><subfield code="0">(DE-588)118553569</subfield><subfield code="6">880-01</subfield></datafield><datafield ind1="1" ind2=" " tag="880"><subfield code="6">100-01</subfield><subfield code="a">Horace</subfield><subfield code="d">0065-0008 av. J.-C.</subfield><subfield code="0">(IDREF)026659166</subfield><subfield code="4">cre</subfield></datafield><datafield ind1="1" ind2="0" tag="245"><subfield code="a">Vår vän Horatius</subfield><subfield code="c">av Arvid Andrén</subfield></datafield><datafield ind1=" " ind2="1" tag="264"><subfield code="a">Göteborg</subfield><subfield code="b">P. Åström</subfield><subfield code="c">1980</subfield></datafield><datafield ind1=" " ind2=" " tag="300"><subfield code="a">66 p.</subfield><subfield code="b">fig.</subfield><subfield code="c">21 cm</subfield></datafield><datafield ind1=" " ind2=" " tag="336"><subfield code="b">txt</subfield><subfield code="2">rdacontent</subfield></datafield><datafield ind1=" " ind2=" " tag="337"><subfield code="b">n</subfield><subfield code="2">rdamedia</subfield></datafield><datafield ind1=" " ind2=" " tag="338"><subfield code="b">nc</subfield><subfield code="2">rdacarrier</subfield></datafield><datafield ind1="1" ind2=" " tag="490"><subfield code="a">Studies in Mediterranean archaeology. Pocket-book</subfield><subfield code="v">14</subfield></datafield><datafield ind1=" " ind2=" " tag="500"><subfield code="a">Arvid Andrén a traduit les textes et écrit une introduction</subfield></datafield><datafield ind1="0" ind2="0" tag="600"><subfield code="a">Horace</subfield></datafield><datafield ind1="1" ind2=" " tag="700"><subfield code="a">Andrén, Arvid</subfield><subfield code="d">1902-1999</subfield><subfield code="0">(DE-588)1181250242</subfield><subfield code="6">880-02</subfield></datafield><datafield ind1="1" ind2=" " tag="880"><subfield code="6">700-02</subfield><subfield code="a">Andrén, Arvid</subfield><subfield code="d">1902-1999</subfield><subfield code="0">(IDREF)059745592</subfield></datafield><datafield ind1=" " ind2=" " tag="830"><subfield code="a">Studies in Mediterranean archaeology</subfield><subfield code="p">Pocket-book</subfield><subfield code="v">14</subfield><subfield code="w">(NEBIS)000974624EBI01</subfield></datafield><datafield ind1=" " ind2=" " tag="830"><subfield code="a">Studies in Mediterranean archaeology</subfield><subfield code="p">Pocket-book</subfield><subfield code="v">14</subfield><subfield code="w">(RERO)0069876-41slsp</subfield></datafield><datafield ind1=" " ind2=" " tag="900"><subfield code="a">REROnoselfmerge</subfield></datafield><datafield ind1=" " ind2=" " tag="900"><subfield code="f">IDSU2medea</subfield></datafield></record>
</metadata></record>