<record><header><identifier>oai:alma.41SLSP_UGE:991000772059705502</identifier><datestamp>2023-07-01T00:26:16Z</datestamp><setSpec>uge_bcen_RapidILL_BOOK</setSpec><setSpec>uge_aaca_RapidILL_BOOK</setSpec><setSpec>uge_abels_RapidILL_BOOK</setSpec><setSpec>uge_dbu_RapidILL_BOOK</setSpec><setSpec>uge_cmu_RapidILL_BOOK</setSpec><setSpec>uge_mail_RapidILL_BOOK</setSpec><setSpec>uge_abbat_RapidILL_BOOK</setSpec><setSpec>UNIGE_ALL</setSpec><setSpec>uge_aobs_RapidILL_BOOK</setSpec><setSpec>uge_acar_RapidILL_BOOK</setSpec></header><metadata>
<record xmlns="http://www.loc.gov/MARC21/slim" xmlns:xsi="http://www.w3.org/2001/XMLSchema-instance" xsi:schemaLocation="http://www.loc.gov/MARC21/slim http://www.loc.gov/standards/marcxml/schema/MARC21slim.xsd"><leader>05675nam a2200601 c 4500</leader><controlfield tag="001">991000772059705502</controlfield><controlfield tag="005">20230630122855.0</controlfield><controlfield tag="008">201011s2014    ve a          000 mdspa d</controlfield><datafield ind1=" " ind2=" " tag="010"><subfield code="a">2015412941</subfield></datafield><datafield ind1="7" ind2=" " tag="016"><subfield code="a">016889300</subfield><subfield code="2">Uk</subfield></datafield><datafield ind1=" " ind2=" " tag="020"><subfield code="a">9789801427780</subfield></datafield><datafield ind1=" " ind2=" " tag="020"><subfield code="a">9801427787</subfield></datafield><datafield ind1="7" ind2=" " tag="024"><subfield code="a">http://catalogue.bnf.fr/ark:/12148/cb44401666j</subfield><subfield code="2">uri</subfield></datafield><datafield ind1=" " ind2=" " tag="035"><subfield code="a">(swissbib)214867722-41slsp_network</subfield></datafield><datafield ind1=" " ind2=" " tag="035"><subfield code="a">214867722</subfield><subfield code="9">ExL</subfield></datafield><datafield ind1=" " ind2=" " tag="035"><subfield code="a">(IDSSG)000855407HSB01</subfield></datafield><datafield ind1=" " ind2=" " tag="035"><subfield code="a">(RERO)R008265154-41slsp</subfield></datafield><datafield ind1=" " ind2=" " tag="035"><subfield code="a">(OCoLC)893213983</subfield></datafield><datafield ind1=" " ind2=" " tag="035"><subfield code="a">(EXLNZ-41SLSP_NETWORK)991085675319705501</subfield></datafield><datafield ind1=" " ind2=" " tag="040"><subfield code="a">FXG</subfield><subfield code="b">ger</subfield><subfield code="e">rda</subfield><subfield code="d">CH-ZuSLS</subfield></datafield><datafield ind1=" " ind2=" " tag="043"><subfield code="a">s-ve---</subfield></datafield><datafield ind1=" " ind2="4" tag="050"><subfield code="a">PQ8543</subfield><subfield code="b">.A43 2014</subfield></datafield><datafield ind1=" " ind2="0" tag="050"><subfield code="a">MLCS 2015/42333 (PQ)</subfield></datafield><datafield ind1=" " ind2="7" tag="072"><subfield code="a">es</subfield><subfield code="2">rero</subfield></datafield><datafield ind1="0" ind2="0" tag="245"><subfield code="a">Amada Caracas</subfield><subfield code="b">antología (esencial) de la ciudad contemporánea</subfield><subfield code="c">compilación, prólogo y notas Héctor Seijas</subfield></datafield><datafield ind1=" " ind2="1" tag="264"><subfield code="a">Caracas, Venezuela</subfield><subfield code="b">Fundación Editorial El Perro y la Rana</subfield><subfield code="c">[2014]</subfield></datafield><datafield ind1=" " ind2=" " tag="300"><subfield code="a">259 pages</subfield><subfield code="b">illustration</subfield><subfield code="c">21 cm</subfield></datafield><datafield ind1=" " ind2=" " tag="336"><subfield code="b">txt</subfield><subfield code="2">rdacontent</subfield></datafield><datafield ind1=" " ind2=" " tag="337"><subfield code="b">n</subfield><subfield code="2">rdamedia</subfield></datafield><datafield ind1=" " ind2=" " tag="338"><subfield code="b">nc</subfield><subfield code="2">rdacarrier</subfield></datafield><datafield ind1="0" ind2=" " tag="505"><subfield code="a">La ruta de un gran éxodo / Héctor Seijas -- De la ranchería de Fajardo al hotel Waldorf ; Demolición / Enrique Bernardo Núñez -- Caracas en cuatro tiempos, IV, 1957. Operación en este valle ; Retrato de un caraqueño ; Varios meridianos / Mariano Picón-Salas -- La Caracas del petróleo / Aquiles Nazoa -- Diálogo cien por cien caraqueño / Aníbal Nazoa -- La misa de arlequín (capítulo) ; Tarde, en la noche, al borde de la plaza / Guillermo Meneses -- Los pequeños seres (capítulo) ; Silencio-Gramovén / Salvador Garmendia -- Caracas a quince asaltos ; Exorcismo contra la destrucción ; Metro ; Parada ; Urbanismo de los sueños ; Fin de viaje ; País portátil (fragmento) ; Asfalto-infierno (fragmentos) / Adriano González León -- La ciudad escondida / José Ignacio Cabrujas -- Adolescencia en San Bernardino / Elisa Lerner -- Juegos bajo la luna (capítulo v: 1957) / Carlos Noguera -- Caracas de sol a asombro / Igor Delgado Senior -- La comedia urbana (selección) ; Calle Real de el Carpintero. Al cine, de noche ; Avenida Sucre, Catia. Tarjetas de presentación ; Calle Real de los Magallanes, Catia. El hombre del maletín ; La felicidad también tiene cabida en Caracas / Armando José Sequera -- Febrero: la caterva / Argenis Rodríguez -- Tiempos de incendio (fragmento) / José Roberto Duque -- Santiago de León de Caracas 1967 (selección): Fundación ; Flecheros ellos, y corredores y saltadores ; Guaicapuro y los suyos ; Infiernos que traen perros y fuegos (Muerte de Guaicaipuro) ; Paramaconi ; Nuestra población ; V: Habla la soga: muerte de Francisco Fajardo / Ramón Palomares -- Los constructores arrepentidos ; Donde los ciudadanos evocan la vida rural ; Para orientarse los ciudadanos se suben a los postes ; La multidud ; Lector de periódicos leyendo la ciudad desde un banco del parque / Juan Calzadilla -- Santiago de León de Caracas ; Epopeya del Guaire ; La calle ; Cuando Gardel llegó a Caracas ; Ciudad / William Osuna -- Sanatorio ; Paso en falso ; Hacía falta un cuarto ; Cuartos de alquiler ; La misma banda sonora ; Si no le gusta, hable con el carnicero ; Para que no se me vayan las fuerzas / Luis Enrique Belmonte -- No hay fanfarrias solemnes / José Ignacio Cabrujas</subfield></datafield><datafield ind1=" " ind2="7" tag="650"><subfield code="a">Caracas</subfield><subfield code="g">Motiv</subfield><subfield code="0">(DE-588)7658407-0</subfield><subfield code="2">gnd</subfield></datafield><datafield ind1=" " ind2="7" tag="650"><subfield code="a">Literatur</subfield><subfield code="0">(DE-588)4035964-5</subfield><subfield code="2">gnd</subfield></datafield><datafield ind1=" " ind2="7" tag="650"><subfield code="a">Travel</subfield><subfield code="2">fast</subfield></datafield><datafield ind1=" " ind2="7" tag="650"><subfield code="a">Littérature vénézuélienne</subfield><subfield code="0">(IDREF)028352416</subfield><subfield code="2">idref</subfield></datafield><datafield ind1=" " ind2="7" tag="650"><subfield code="a">20e siècle-21e siècle (début)</subfield><subfield code="0">(RERO)A022440359</subfield><subfield code="2">rero</subfield></datafield><datafield ind1=" " ind2="0" tag="651"><subfield code="a">Caracas (Venezuela)</subfield><subfield code="v">Literary collections</subfield></datafield><datafield ind1=" " ind2="0" tag="651"><subfield code="a">Caracas (Venezuela)</subfield><subfield code="x">Description and travel</subfield></datafield><datafield ind1=" " ind2="0" tag="651"><subfield code="a">Caracas (Venezuela)</subfield><subfield code="x">History</subfield></datafield><datafield ind1=" " ind2="7" tag="651"><subfield code="a">Venezuela</subfield><subfield code="z">Caracas</subfield><subfield code="2">fast</subfield></datafield><datafield ind1=" " ind2="7" tag="651"><subfield code="a">Caracas (Venezuela)</subfield><subfield code="0">(RERO)A010060217</subfield><subfield code="2">rero</subfield></datafield><datafield ind1=" " ind2="7" tag="655"><subfield code="a">Anthologie</subfield><subfield code="2">gnd-content</subfield></datafield><datafield ind1=" " ind2="7" tag="655"><subfield code="a">History</subfield><subfield code="2">fast</subfield></datafield><datafield ind1=" " ind2="7" tag="655"><subfield code="a">Literary collections</subfield><subfield code="2">fast</subfield></datafield><datafield ind1=" " ind2="7" tag="655"><subfield code="a">Anthologies</subfield><subfield code="0">(IDREF)027269493</subfield><subfield code="2">idref</subfield></datafield><datafield ind1=" " ind2=" " tag="690"><subfield code="a">Caracas; Stadt; Fragment; Auswahl; Fajardo; Hölle; Anthologie; Tod; Dialog; Exorzismus; Karte; Leben; Porträt; Bank; Betrieb; Bürger; Delgado; Hotelgewerbe; Kinowirtschaft; Krankenhaus; Lerner</subfield><subfield code="2">idssg-J</subfield></datafield><datafield ind1=" " ind2=" " tag="690"><subfield code="a">Landleben; Präsentationskarte; Asphalthölle; Harlekinmesse; Aktentasche; Feuerzeit; Zeitungsleser</subfield><subfield code="2">idssg-J</subfield></datafield><datafield ind1=" " ind2=" " tag="690"><subfield code="a">echte Straße; falscher Schritt; feierliche Fanfare; gleicher Soundtrack; großer Exodus; kleines Kapitel; mobiles Land; reuiger Bauherr; urbane Komödie; verschiedener Meridian; versteckte Stadt; zeitgenössische Stadt</subfield><subfield code="2">idssg-J</subfield></datafield><datafield ind1=" " ind2=" " tag="690"><subfield code="a">Venezuela C3VENE; Spanien C4EUSP; Schweiz C4EXSI; Bolivien C3BOLI</subfield><subfield code="2">idssg-J</subfield></datafield><datafield ind1=" " ind2=" " tag="690"><subfield code="a">Adriano González León; Amada Caracas Anthologie; Aníbal Nazoa; Aquiles Nazoa; Argenis Rodríguez; Armando José Sequera; Auswahl Stiftung Pfeile; Carlo Noguera; El Carpintero; Elisa Lerner; Enrique Bernardo Núfiez; Fajardo Rancheria; Francisco Fajardo; Guillermo Meneses; Harlekinmesse Kapitel Nachmittag; Hotel Waldorf Abbruch Mariano; Igor Delgado; José Ignacio Cabrujas; José Roberto Duque; Juan Calzadilla; klein Kapitel Silencio Gramovén; Luis Enrique Belmonte; Magallanes Catia; Notiz Héctor Seijas Index; Picón Salas Caracas; Ramón Palomares; Reise Mobiles Land Fragment; Sanatorium Falscher Schritt; Springer Guaicapuro; Sucre Avenue Catia Präsentationskarten; William Osuna</subfield><subfield code="2">idssg-J</subfield></datafield><datafield ind1="1" ind2=" " tag="700"><subfield code="a">Seijas, Héctor</subfield><subfield code="d">1957-</subfield><subfield code="0">(DE-588)141241942</subfield><subfield code="4">edt</subfield><subfield code="6">880-02</subfield></datafield><datafield ind1="1" ind2=" " tag="880"><subfield code="6">700-02</subfield><subfield code="a">Seijas, Héctor</subfield><subfield code="d">1957-....</subfield><subfield code="0">(IDREF)250680262</subfield></datafield><datafield ind1="4" ind2=" " tag="856"><subfield code="u">https://tools.unisg.ch/url/hm00602582</subfield><subfield code="z">Inhaltsverzeichnis</subfield></datafield><datafield ind1=" " ind2=" " tag="949"><subfield code="a">https://tools.unisg.ch/url/hm00602582</subfield></datafield><datafield ind1=" " ind2=" " tag="993"><subfield code="a">BFLA 277746</subfield><subfield code="x">ge/ules/a/15/122-1</subfield><subfield code="9">LOCAL</subfield></datafield></record>
</metadata></record>