<record><header><identifier>oai:alma.41SLSP_UGE:991000772279705502</identifier><datestamp>2024-05-04T00:57:18Z</datestamp><setSpec>uge_bcen_RapidILL_BOOK</setSpec><setSpec>uge_aaca_RapidILL_BOOK</setSpec><setSpec>uge_abels_RapidILL_BOOK</setSpec><setSpec>uge_dbu_RapidILL_BOOK</setSpec><setSpec>uge_cmu_RapidILL_BOOK</setSpec><setSpec>uge_mail_RapidILL_BOOK</setSpec><setSpec>uge_abbat_RapidILL_BOOK</setSpec><setSpec>UNIGE_ALL</setSpec><setSpec>uge_aobs_RapidILL_BOOK</setSpec><setSpec>uge_acar_RapidILL_BOOK</setSpec></header><metadata>
<record xmlns="http://www.loc.gov/MARC21/slim" xmlns:xsi="http://www.w3.org/2001/XMLSchema-instance" xsi:schemaLocation="http://www.loc.gov/MARC21/slim http://www.loc.gov/standards/marcxml/schema/MARC21slim.xsd"><leader>02076nam a2200517 c 4500</leader><controlfield tag="001">991000772279705502</controlfield><controlfield tag="005">20230330191257.0</controlfield><controlfield tag="008">201012s1992    fr ||||| |||| 00| ||fre d</controlfield><datafield ind1=" " ind2=" " tag="020"><subfield code="a">2735104400</subfield></datafield><datafield ind1=" " ind2=" " tag="035"><subfield code="a">(swissbib)241536006-41slsp_network</subfield></datafield><datafield ind1=" " ind2=" " tag="035"><subfield code="a">241536006</subfield><subfield code="9">ExL</subfield></datafield><datafield ind1=" " ind2=" " tag="035"><subfield code="a">(RERO)1546561-41slsp</subfield></datafield><datafield ind1=" " ind2=" " tag="035"><subfield code="a">(IDSBB)000831372DSV01</subfield></datafield><datafield ind1=" " ind2=" " tag="035"><subfield code="a">(NEBIS)009628307EBI01</subfield></datafield><datafield ind1=" " ind2=" " tag="035"><subfield code="a">(EXLNZ-41SLSP_NETWORK)991132129319705501</subfield></datafield><datafield ind1=" " ind2=" " tag="040"><subfield code="a">RERO gevbaa</subfield><subfield code="d">CH-ZuSLS</subfield></datafield><datafield ind1=" " ind2="7" tag="072"><subfield code="a">ar</subfield><subfield code="2">rero</subfield></datafield><datafield ind1=" " ind2="7" tag="072"><subfield code="a">ur</subfield><subfield code="2">SzZuIDS BS/BE</subfield></datafield><datafield ind1="1" ind2=" " tag="080"><subfield code="a">903&quot;6383&quot;(4F)</subfield></datafield><datafield ind1="1" ind2="4" tag="082"><subfield code="a">930</subfield><subfield code="2">15</subfield></datafield><datafield ind1=" " ind2=" " tag="084"><subfield code="a">6,14</subfield><subfield code="2">ssgn</subfield></datafield><datafield ind1=" " ind2=" " tag="084"><subfield code="a">NF 1540</subfield><subfield code="2">rvk</subfield></datafield><datafield ind1=" " ind2=" " tag="084"><subfield code="a">NF 3645</subfield><subfield code="2">rvk</subfield></datafield><datafield ind1=" " ind2=" " tag="084"><subfield code="a">NF 3845</subfield><subfield code="2">rvk</subfield></datafield><datafield ind1="1" ind2=" " tag="100"><subfield code="a">Bichet, Pierre</subfield><subfield code="0">(RERO)A003004534</subfield><subfield code="4">cre</subfield></datafield><datafield ind1="1" ind2="0" tag="245"><subfield code="a">&lt;&lt;L'&gt;&gt;âge du Fer dans le haut Jura</subfield><subfield code="b">les tumulus de la région de Pontarlier (Doubs)</subfield><subfield code="c">par Pierre Bichet et Jacques-Pierre Millotte ; avec la collab. d'Hélène Dartevelle ; [trad. des résumés : Michael Batt, Yolande Boeglin]</subfield></datafield><datafield ind1=" " ind2="1" tag="264"><subfield code="a">Paris</subfield><subfield code="b">Ed. de la Maison des sciences de l'homme</subfield><subfield code="c">1992</subfield></datafield><datafield ind1=" " ind2=" " tag="300"><subfield code="a">151 p.</subfield><subfield code="b">ill.</subfield><subfield code="c">30 cm</subfield></datafield><datafield ind1=" " ind2=" " tag="336"><subfield code="b">txt</subfield><subfield code="2">rdacontent</subfield></datafield><datafield ind1=" " ind2=" " tag="337"><subfield code="b">n</subfield><subfield code="2">rdamedia</subfield></datafield><datafield ind1=" " ind2=" " tag="338"><subfield code="b">nc</subfield><subfield code="2">rdacarrier</subfield></datafield><datafield ind1="1" ind2=" " tag="490"><subfield code="a">Documents d'archéologie française</subfield><subfield code="v">no 34</subfield></datafield><datafield ind1=" " ind2=" " tag="500"><subfield code="a">Contient un résumé en anglais et en allemand</subfield></datafield><datafield ind1=" " ind2=" " tag="504"><subfield code="a">Bibliogr.: p. 144-147</subfield></datafield><datafield ind1=" " ind2=" " tag="520"><subfield code="a">Eisenzeit - Frankreich - Sozialgeschichte/Alltag</subfield><subfield code="5">ubs-Archäologie</subfield></datafield><datafield ind1=" " ind2="7" tag="650"><subfield code="a">Âge du fer</subfield><subfield code="0">(IDREF)027417212</subfield><subfield code="2">idref</subfield></datafield><datafield ind1=" " ind2="7" tag="650"><subfield code="a">Tumulus</subfield><subfield code="0">(IDREF)027254704</subfield><subfield code="2">idref</subfield></datafield><datafield ind1=" " ind2="7" tag="650"><subfield code="a">Eisenzeit</subfield><subfield code="z">Jura (Gebirge)</subfield><subfield code="2">idsbb</subfield></datafield><datafield ind1=" " ind2="7" tag="650"><subfield code="a">Hügelgrab</subfield><subfield code="z">Jura (Gebirge)</subfield><subfield code="2">idsbb</subfield></datafield><datafield ind1=" " ind2="7" tag="651"><subfield code="a">Pontarlier (France, région)</subfield><subfield code="0">(RERO)A010134566</subfield><subfield code="2">rero</subfield></datafield><datafield ind1=" " ind2="7" tag="651"><subfield code="a">Chaux d'Arlier</subfield><subfield code="x">Archäologie</subfield><subfield code="2">idsbb</subfield></datafield><datafield ind1="1" ind2=" " tag="700"><subfield code="a">Millotte, Jacques-Pierre-Eugène</subfield></datafield><datafield ind1="1" ind2=" " tag="700"><subfield code="a">Millotte, Jacques-Pierre</subfield><subfield code="d">1920-2002</subfield><subfield code="0">(DE-588)133109569</subfield><subfield code="6">880-02</subfield></datafield><datafield ind1="1" ind2=" " tag="880"><subfield code="6">700-02</subfield><subfield code="a">Millotte, Jacques-Pierre</subfield><subfield code="d">1920-2002</subfield><subfield code="0">(IDREF)027030539</subfield></datafield><datafield ind1="1" ind2=" " tag="700"><subfield code="a">Dartevelle, Hélène</subfield><subfield code="d">1963-....</subfield><subfield code="0">(IDREF)035283912</subfield></datafield><datafield ind1=" " ind2=" " tag="830"><subfield code="a">Documents d'archéologie française</subfield><subfield code="v">34</subfield><subfield code="w">(IDSBB)000213334DSV01</subfield></datafield><datafield ind1=" " ind2=" " tag="900"><subfield code="a">REROnoselfmerge</subfield></datafield></record>
</metadata></record>