<record><header><identifier>oai:alma.41SLSP_UGE:991000772169705502</identifier><datestamp>2023-04-08T00:16:12Z</datestamp><setSpec>uge_bcen_RapidILL_BOOK</setSpec><setSpec>uge_aaca_RapidILL_BOOK</setSpec><setSpec>uge_abels_RapidILL_BOOK</setSpec><setSpec>uge_dbu_RapidILL_BOOK</setSpec><setSpec>uge_cmu_RapidILL_BOOK</setSpec><setSpec>uge_mail_RapidILL_BOOK</setSpec><setSpec>uge_abbat_RapidILL_BOOK</setSpec><setSpec>UNIGE_ALL</setSpec><setSpec>uge_acar_RapidILL_BOOK</setSpec><setSpec>uge_aobs_RapidILL_BOOK</setSpec></header><metadata>
<record xmlns="http://www.loc.gov/MARC21/slim" xmlns:xsi="http://www.w3.org/2001/XMLSchema-instance" xsi:schemaLocation="http://www.loc.gov/MARC21/slim http://www.loc.gov/standards/marcxml/schema/MARC21slim.xsd"><leader>02242nam a2200385 c 4500</leader><controlfield tag="001">991000772169705502</controlfield><controlfield tag="005">20230407144333.0</controlfield><controlfield tag="008">170412s2017    fr ||||| |||| 00| ||fre d</controlfield><datafield ind1=" " ind2=" " tag="020"><subfield code="a">9782340015593</subfield></datafield><datafield ind1="7" ind2=" " tag="024"><subfield code="a">http://catalogue.bnf.fr/ark:/12148/cb452545644</subfield><subfield code="2">uri</subfield></datafield><datafield ind1=" " ind2=" " tag="035"><subfield code="a">(swissbib)123785901-41slsp_network</subfield></datafield><datafield ind1=" " ind2=" " tag="035"><subfield code="a">123785901</subfield><subfield code="9">ExL</subfield></datafield><datafield ind1=" " ind2=" " tag="035"><subfield code="a">(RERO)R008629854-41slsp</subfield></datafield><datafield ind1=" " ind2=" " tag="035"><subfield code="a">(EXLNZ-41SLSP_NETWORK)991122493609705501</subfield></datafield><datafield ind1=" " ind2=" " tag="040"><subfield code="a">RERO vsbcvs</subfield><subfield code="d">CH-ZuSLS</subfield></datafield><datafield ind1=" " ind2="7" tag="072"><subfield code="a">me</subfield><subfield code="2">rero</subfield></datafield><datafield ind1="1" ind2=" " tag="080"><subfield code="a">372.92</subfield></datafield><datafield ind1="1" ind2=" " tag="100"><subfield code="a">Robel, Laurence</subfield><subfield code="d">19..-....</subfield><subfield code="0">(IDREF)098588818</subfield><subfield code="4">cre</subfield></datafield><datafield ind1="1" ind2="0" tag="245"><subfield code="a">&lt;&lt;Les&gt;&gt; troubles des apprentissages</subfield><subfield code="b">100 questions-réponses : [questions de patients, réponses de médecins]</subfield><subfield code="c">Laurence Robel</subfield></datafield><datafield ind1=" " ind2="1" tag="264"><subfield code="a">Paris</subfield><subfield code="b">Ellipses</subfield><subfield code="c">2017</subfield></datafield><datafield ind1=" " ind2=" " tag="300"><subfield code="a">125 p.</subfield></datafield><datafield ind1=" " ind2=" " tag="336"><subfield code="b">txt</subfield><subfield code="2">rdacontent</subfield></datafield><datafield ind1=" " ind2=" " tag="337"><subfield code="b">n</subfield><subfield code="2">rdamedia</subfield></datafield><datafield ind1=" " ind2=" " tag="338"><subfield code="b">nc</subfield><subfield code="2">rdacarrier</subfield></datafield><datafield ind1="0" ind2=" " tag="490"><subfield code="a">100 questions/réponses</subfield></datafield><datafield ind1="8" ind2=" " tag="520"><subfield code="a">Toute difficulté scolaire est-elle l'expression d'un trouble des apprentissages ? Les cancres d'autrefois sont-ils les jeunes patients d'aujourd'hui ? à partir de quand faut-il s'inquiéter et faire suivre son enfant ? Quels sont les difficultés qui se cachent derrière les dys : dysphasie, dyspraxie, dyslexie dysorthographie, trouble déficitaire de l'attention avec hyperactivité ? Quel est le rôle de l'école ? L'échec scolaire est-il une fatalité pour les enfants dys ? Cet ouvrage tente d'apporter des réponses claires et concrètes aux parents, aux patients, aux professionnels et aux pédagogues qui sont confrontés à ces questions, pour mieux comprendre et mieux aider les enfants et les adultes qui les accompagnent. (www.editions-ellipses.fr)</subfield><subfield code="5">RERO/njhep-/11.2017</subfield></datafield><datafield ind1=" " ind2="7" tag="650"><subfield code="a">Troubles de l'apprentissage</subfield><subfield code="0">(IDREF)027510662</subfield><subfield code="2">idref</subfield></datafield><datafield ind1=" " ind2="7" tag="650"><subfield code="a">Dyslexie</subfield><subfield code="0">(IDREF)027225062</subfield><subfield code="2">idref</subfield></datafield><datafield ind1=" " ind2="7" tag="650"><subfield code="a">Enfants dyscalculiques</subfield><subfield code="0">(IDREF)143047256</subfield><subfield code="2">idref</subfield></datafield><datafield ind1=" " ind2="7" tag="650"><subfield code="a">Enfants dyslexiques</subfield><subfield code="0">(IDREF)027345424</subfield><subfield code="2">idref</subfield></datafield><datafield ind1=" " ind2="7" tag="650"><subfield code="a">Troubles de l'attention</subfield><subfield code="0">(IDREF)033459746</subfield><subfield code="2">idref</subfield></datafield><datafield ind1=" " ind2="7" tag="650"><subfield code="a">Enfants en difficulté d'apprentissage</subfield><subfield code="0">(IDREF)027225313</subfield><subfield code="2">idref</subfield></datafield><datafield ind1=" " ind2="7" tag="655"><subfield code="a">[Ouvrages généraux]</subfield><subfield code="0">(RERO)A022248336</subfield><subfield code="2">rero</subfield></datafield><datafield ind1=" " ind2="7" tag="655"><subfield code="a">Questions et réponses</subfield><subfield code="0">(IDREF)050594672</subfield><subfield code="2">idref</subfield></datafield><datafield ind1=" " ind2=" " tag="900"><subfield code="a">REROnoselfmerge</subfield></datafield><datafield ind1=" " ind2=" " tag="903"><subfield code="a">RERO-SIGN</subfield><subfield code="5">BCUFR/20210209/mdo</subfield></datafield></record>
</metadata></record>