<record><header><identifier>oai:alma.41SLSP_UGE:991000772519705502</identifier><datestamp>2023-03-28T00:11:17Z</datestamp><setSpec>uge_bcen_RapidILL_BOOK</setSpec><setSpec>uge_aaca_RapidILL_BOOK</setSpec><setSpec>uge_abels_RapidILL_BOOK</setSpec><setSpec>uge_dbu_RapidILL_BOOK</setSpec><setSpec>uge_cmu_RapidILL_BOOK</setSpec><setSpec>uge_mail_RapidILL_BOOK</setSpec><setSpec>uge_abbat_RapidILL_BOOK</setSpec><setSpec>UNIGE_ALL</setSpec><setSpec>uge_acar_RapidILL_BOOK</setSpec><setSpec>uge_aobs_RapidILL_BOOK</setSpec></header><metadata>
<record xmlns="http://www.loc.gov/MARC21/slim" xmlns:xsi="http://www.w3.org/2001/XMLSchema-instance" xsi:schemaLocation="http://www.loc.gov/MARC21/slim http://www.loc.gov/standards/marcxml/schema/MARC21slim.xsd"><leader>02824nam a2200625 c 4500</leader><controlfield tag="001">991000772519705502</controlfield><controlfield tag="005">20230327180014.0</controlfield><controlfield tag="008">201011s2015    xxk||||| |||| 01| ||eng d</controlfield><datafield ind1=" " ind2=" " tag="010"><subfield code="a">2014050252</subfield></datafield><datafield ind1=" " ind2=" " tag="015"><subfield code="a">GBB4D0087</subfield><subfield code="2">bnb</subfield></datafield><datafield ind1=" " ind2=" " tag="015"><subfield code="a">GBB4D1624</subfield><subfield code="2">bnb</subfield></datafield><datafield ind1=" " ind2=" " tag="020"><subfield code="a">110764755X</subfield><subfield code="q">alk. paper</subfield></datafield><datafield ind1=" " ind2=" " tag="020"><subfield code="a">9781107647558</subfield><subfield code="q">alk. paper</subfield></datafield><datafield ind1=" " ind2=" " tag="035"><subfield code="a">(swissbib)227184556-41slsp_network</subfield></datafield><datafield ind1=" " ind2=" " tag="035"><subfield code="a">227184556</subfield><subfield code="9">ExL</subfield></datafield><datafield ind1=" " ind2=" " tag="035"><subfield code="a">(RERO)R008200037-41slsp</subfield></datafield><datafield ind1=" " ind2=" " tag="035"><subfield code="a">(NEBIS)010361366EBI01</subfield></datafield><datafield ind1=" " ind2=" " tag="035"><subfield code="a">(OCoLC)884305466</subfield></datafield><datafield ind1=" " ind2=" " tag="035"><subfield code="a">(EXLNZ-41SLSP_NETWORK)991144528629705501</subfield></datafield><datafield ind1=" " ind2=" " tag="040"><subfield code="a">NLGGC</subfield><subfield code="d">CH-ZuSLS</subfield></datafield><datafield ind1=" " ind2="0" tag="050"><subfield code="a">QA564</subfield><subfield code="b">.R425 2015</subfield></datafield><datafield ind1=" " ind2="7" tag="072"><subfield code="a">ma</subfield><subfield code="2">rero</subfield></datafield><datafield ind1="0" ind2="4" tag="082"><subfield code="a">516.3/5</subfield><subfield code="2">23</subfield></datafield><datafield ind1=" " ind2=" " tag="084"><subfield code="a">14</subfield><subfield code="2">msc</subfield></datafield><datafield ind1="0" ind2="0" tag="245"><subfield code="a">Recent advances in algebraic geometry</subfield><subfield code="b">a volume in honor of Rob Lazarsfeld's 60th birthday</subfield><subfield code="c">edited by Christopher D. Hacon ...  [et al.]</subfield></datafield><datafield ind1=" " ind2="1" tag="264"><subfield code="a">Cambridge</subfield><subfield code="b">Cambridge University Press</subfield><subfield code="c">2015</subfield></datafield><datafield ind1=" " ind2=" " tag="300"><subfield code="a">436 S.</subfield><subfield code="b">Ill.</subfield></datafield><datafield ind1=" " ind2=" " tag="336"><subfield code="b">txt</subfield><subfield code="2">rdacontent</subfield></datafield><datafield ind1=" " ind2=" " tag="337"><subfield code="b">n</subfield><subfield code="2">rdamedia</subfield></datafield><datafield ind1=" " ind2=" " tag="338"><subfield code="b">nc</subfield><subfield code="2">rdacarrier</subfield></datafield><datafield ind1="1" ind2=" " tag="490"><subfield code="a">London Mathematical Society lecture note series</subfield><subfield code="v">417</subfield></datafield><datafield ind1=" " ind2=" " tag="500"><subfield code="a">This volume is the outcome of the Conference &quot;Recent Advances in Algebraic Geometry&quot;, held between May 16 and 19, 2013 in Ann Arbor, Michigan</subfield></datafield><datafield ind1=" " ind2=" " tag="504"><subfield code="a">Includes bibliographical references and index</subfield></datafield><datafield ind1="1" ind2="7" tag="600"><subfield code="a">Lazarsfeld, Robert</subfield><subfield code="d">1953-</subfield><subfield code="0">(DE-588)102154279</subfield><subfield code="2">gnd</subfield></datafield><datafield ind1=" " ind2="7" tag="650"><subfield code="a">Géométrie algébrique</subfield><subfield code="0">(IDREF)027228002</subfield><subfield code="2">idref</subfield></datafield><datafield ind1=" " ind2="0" tag="650"><subfield code="a">Geometry, Algebraic</subfield></datafield><datafield ind1=" " ind2="7" tag="650"><subfield code="a">ALGEBRAISCHE GEOMETRIE</subfield><subfield code="9">ger</subfield><subfield code="0">(ETHUDK)000012798</subfield><subfield code="2">ethudk</subfield></datafield><datafield ind1=" " ind2="7" tag="650"><subfield code="a">FESTSCHRIFTEN, GEDENKSCHRIFTEN FÜR PERSONEN (DOKUMENTENTYP)</subfield><subfield code="9">ger</subfield><subfield code="0">(ETHUDK)000009348</subfield><subfield code="2">ethudk</subfield></datafield><datafield ind1=" " ind2="7" tag="655"><subfield code="a">Festschrift</subfield><subfield code="2">gnd-content</subfield></datafield><datafield ind1=" " ind2="7" tag="655"><subfield code="a">Konferenzschrift</subfield><subfield code="z">Ann Arbor (MI)</subfield><subfield code="y">2013</subfield><subfield code="2">gnd-content</subfield></datafield><datafield ind1="1" ind2=" " tag="700"><subfield code="a">Mustaţă, Mircea</subfield></datafield><datafield ind1="1" ind2=" " tag="700"><subfield code="a">Popa, Mihnea</subfield></datafield><datafield ind1="1" ind2=" " tag="700"><subfield code="a">Hacon, Christopher Derek</subfield><subfield code="d">1970-....</subfield><subfield code="0">(IDREF)145219364</subfield></datafield><datafield ind1="1" ind2=" " tag="700"><subfield code="a">Lazarsfeld, Robert</subfield><subfield code="d">1953-</subfield><subfield code="0">(DE-588)102154279</subfield><subfield code="6">880-03</subfield></datafield><datafield ind1="1" ind2=" " tag="880"><subfield code="6">700-03</subfield><subfield code="a">Lazarsfeld, Robert</subfield><subfield code="0">(IDREF)084140992</subfield></datafield><datafield ind1="2" ind2=" " tag="711"><subfield code="a">Conference &quot;Recent Advances in Algebraic Geometry&quot;</subfield><subfield code="0">(DE-588)1092563873</subfield></datafield><datafield ind1="4" ind2=" " tag="856"><subfield code="3">Titelblatt und Inhaltsverzeichnis</subfield><subfield code="u">https://toc.library.ethz.ch/objects/pdf03/e01_978-1-107-64755-8_01.pdf</subfield><subfield code="q">pdf</subfield></datafield><datafield ind1="4" ind2=" " tag="856"><subfield code="3">Abstract / Autoreninformation</subfield><subfield code="u">https://toc.library.ethz.ch/objects/pdf03/e01_978-1-107-64755-8_02.pdf</subfield><subfield code="q">pdf</subfield></datafield><datafield ind1=" " ind2="0" tag="830"><subfield code="a">Lecture note series</subfield><subfield code="g">London Mathematical Society</subfield><subfield code="v">417</subfield><subfield code="w">(NEBIS)000024929EBI01</subfield></datafield><datafield ind1=" " ind2=" " tag="900"><subfield code="a">REROnoselfmerge</subfield></datafield><datafield ind1=" " ind2=" " tag="910"><subfield code="a">OCoLC</subfield><subfield code="b">20150714</subfield><subfield code="c">Droits réservés</subfield></datafield><datafield ind1=" " ind2=" " tag="911"><subfield code="a">700</subfield><subfield code="a">Hacon, Christopher Derek</subfield><subfield code="d">1970-</subfield></datafield><datafield ind1=" " ind2=" " tag="911"><subfield code="a">700</subfield><subfield code="a">Mustata, Mircea</subfield><subfield code="d">1971-</subfield></datafield><datafield ind1=" " ind2=" " tag="911"><subfield code="a">700</subfield><subfield code="a">Popa, Mihnea</subfield><subfield code="d">1970-</subfield></datafield><datafield ind1=" " ind2=" " tag="949"><subfield code="a">https://toc.library.ethz.ch/objects/pdf03/e01_978-1-107-64755-8_01.pdf</subfield></datafield><datafield ind1=" " ind2=" " tag="949"><subfield code="a">https://toc.library.ethz.ch/objects/pdf03/e01_978-1-107-64755-8_02.pdf</subfield></datafield></record>
</metadata></record>