<record><header><identifier>oai:alma.41SLSP_UGE:991000771999705502</identifier><datestamp>2024-10-06T00:07:46Z</datestamp><setSpec>uge_bcen_RapidILL_BOOK</setSpec><setSpec>uge_aaca_RapidILL_BOOK</setSpec><setSpec>uge_abels_RapidILL_BOOK</setSpec><setSpec>uge_dbu_RapidILL_BOOK</setSpec><setSpec>uge_cmu_RapidILL_BOOK</setSpec><setSpec>uge_mail_RapidILL_BOOK</setSpec><setSpec>UNIGE_ALL</setSpec><setSpec>uge_abbat_RapidILL_BOOK</setSpec><setSpec>uge_aobs_RapidILL_BOOK</setSpec><setSpec>uge_acar_RapidILL_BOOK</setSpec></header><metadata>
<record xmlns="http://www.loc.gov/MARC21/slim" xmlns:xsi="http://www.w3.org/2001/XMLSchema-instance" xsi:schemaLocation="http://www.loc.gov/MARC21/slim http://www.loc.gov/standards/marcxml/schema/MARC21slim.xsd"><leader>01120nam a2200337 c 4500</leader><controlfield tag="001">991000771999705502</controlfield><controlfield tag="005">20201225162551.0</controlfield><controlfield tag="008">970111s1982    fr ||||| |||| 00| ||fre d</controlfield><datafield ind1=" " ind2=" " tag="020"><subfield code="a">2225661987</subfield></datafield><datafield ind1="7" ind2=" " tag="024"><subfield code="a">http://catalogue.bnf.fr/ark:/12148/cb36144435x</subfield><subfield code="2">uri</subfield></datafield><datafield ind1=" " ind2=" " tag="035"><subfield code="a">(swissbib)079530567-41slsp_network</subfield></datafield><datafield ind1=" " ind2=" " tag="035"><subfield code="a">079530567</subfield><subfield code="9">ExL</subfield></datafield><datafield ind1=" " ind2=" " tag="035"><subfield code="a">(RERO)0530759-41slsp</subfield></datafield><datafield ind1=" " ind2=" " tag="035"><subfield code="a">(EXLNZ-41SLSP_NETWORK)991102201959705501</subfield></datafield><datafield ind1=" " ind2=" " tag="040"><subfield code="a">RERO</subfield><subfield code="d">CH-ZuSLS</subfield></datafield><datafield ind1=" " ind2="7" tag="072"><subfield code="a">me</subfield><subfield code="2">rero</subfield></datafield><datafield ind1="0" ind2="0" tag="245"><subfield code="a">Atlas de Coupes Anatomiques du Nouveau-Né</subfield><subfield code="b">aspects macroscopiques, tomodensitométriques et échotomographiques</subfield><subfield code="c">par Jean-Pierre Lassau, Dominique Bastian ... [et al.]</subfield></datafield><datafield ind1=" " ind2="1" tag="264"><subfield code="a">Paris</subfield><subfield code="a">New York [etc.]</subfield><subfield code="b">Masson</subfield><subfield code="c">1982</subfield></datafield><datafield ind1=" " ind2=" " tag="300"><subfield code="a">VIII, 137 p.</subfield><subfield code="b">ill.</subfield><subfield code="c">33 cm</subfield></datafield><datafield ind1=" " ind2=" " tag="336"><subfield code="b">txt</subfield><subfield code="2">rdacontent</subfield></datafield><datafield ind1=" " ind2=" " tag="337"><subfield code="b">n</subfield><subfield code="2">rdamedia</subfield></datafield><datafield ind1=" " ind2=" " tag="338"><subfield code="b">nc</subfield><subfield code="2">rdacarrier</subfield></datafield><datafield ind1=" " ind2="2" tag="650"><subfield code="a">Anatomy</subfield></datafield><datafield ind1=" " ind2="2" tag="650"><subfield code="a">Neonatology</subfield></datafield><datafield ind1=" " ind2="2" tag="650"><subfield code="a">Tomography, X-Ray Computed</subfield></datafield><datafield ind1=" " ind2="2" tag="650"><subfield code="a">Ultrasonics</subfield></datafield><datafield ind1=" " ind2="2" tag="650"><subfield code="a">Child</subfield></datafield><datafield ind1=" " ind2="2" tag="650"><subfield code="a">Infant</subfield></datafield><datafield ind1=" " ind2="2" tag="655"><subfield code="a">Atlas</subfield></datafield><datafield ind1="1" ind2=" " tag="700"><subfield code="a">Bastian, Dominique</subfield><subfield code="c">médecin</subfield><subfield code="d">1944-2004</subfield><subfield code="0">(IDREF)028730585</subfield></datafield><datafield ind1="1" ind2=" " tag="700"><subfield code="a">Lassau, Jean Pierre</subfield><subfield code="c">médecin</subfield><subfield code="d">1934-....</subfield><subfield code="0">(IDREF)026967677</subfield></datafield><datafield ind1=" " ind2=" " tag="900"><subfield code="a">REROnoselfmerge</subfield></datafield></record>
</metadata></record>